4270 5488
275 615 284 632 ·
348 623 427 689 aaa
811 559 1034 682 uacus
1064 603 1490 696 uacuooruau

355 778 491 854 saecular
501 770 586 850 erpa,
601 777 710 834 Peraea·
725 783 860 855 aaaqara'a
873 781 918 861 ι1),
935 779 1123 852 aruchilles
1157 789 1317 850 nostrum,
1332 772 1461 860 quando
1475 769 1706 839 Carauidarum
1722 791 1826 856 genus
1847 792 1923 836 cum

342 877 637 939 ‘TatiuaPerseum
655 887 688 935 et
705 875 885 940 Herculem
895 876 980 938 dicat
991 878 1124 962 deponar
1158 875 1335 938 Alexandri
1343 874 1520 938 hl.'eobole
1537 873 1730 936 exstinctum
1750 871 1823 934 est?
1836 875 1923 937 Istue

354 971 1070 1058 duorepperere-‚Arpinuswoacomanput'ueor
1086 979 1123 1063 i).
1157 977 1256 1041 ibam.
1279 977 1315 1038 Si
1337 973 1418 1038 fides
1433 974 1573 1054 Polybio
1588 975 1640 1056 Ρ),
1663 985 1749 1036 tanta
1773 971 1844 1055 ejus
1859 973 1923 1036 luit

352 1081 427 1144 Non
451 1075 552 1156 igitur
567 1071 665 1136 fallax
681 1075 816 1153 Plinius,
840 1079 896 1162 qui
909 1081 1069 1142 Perseum
1089 1082 1124 1145 iu
1160 1075 1363 1162 arrogantia,
1385 1087 1421 1136 ut
1446 1093 1513 1136 nou
1534 1085 1707 1138 contentus
1724 1071 1829 1134 nobili
1851 1073 1924 1136 atir-

354 1174 533 1242 Alexandri
571 1176 618 1238 Μ.
654 1177 754 1239 atavia
791 1191 881 1260 putat
902 1175 953 1258 k),
982 1201 1055 1242 nam
1086 1195 1120 1244 et
1156 1203 1218 1265 pe,
1248 1195 1330 1262 quae
1356 1175 1430 1260 jam,
1451 1171 1602 1238 indelah
1633 1173 1798 1257 Antigono
1823 1171 1921 1245 Asiae

354 1293 439 1342 teste
469 1278 609 1340 Arriano
639 1271 665 1350 ¹)
695 1274 771 1340 huic
797 1279 1013 1342 Macedonum
1048 1284 1121 1365 regi
1156 1303 1237 1365 rege
1265 1280 1360 1341 titulo
1388 1275 1483 1356 regio
1510 1275 1684 1356 conspicua
1712 1275 1790 1352 fuit,
1820 1275 1921 1360 pluri·

354 1375 656 1465 quaedam'erstitit
678 1395 752 1438 curu
774 1379 898 1442 Perseo
920 1395 953 1443 et
974 1381 1120 1444 Heronio
1156 1401 1245 1444 mum
1272 1393 1380 1442 tamen
1404 1376 1632 1449 adlaboraret,
1666 1373 1762 1438 utde
1782 1375 1923 1440 Alexan·

286 1501 289 1510 ’
354 1477 547 1550 aemulatio,
575 1475 663 1557 quod
691 1477 731 1538 ab
761 1491 902 1561 utroquo
932 1501 1035 1563 genus
1065 1483 1122 1542 du·
1157 1482 1209 1542 dri
1233 1493 1266 1542 et
1283 1477 1425 1561 Philippi
1442 1493 1566 1559 genere
1586 1476 1755 1541 videretur
1783 1495 1921 1566 progna·

351 1593 458 1646 aeret.
476 1575 563 1640 Alibi
585 1590 695 1640 narrat
715 1579 803 1642 idem
820 1583 878 1662 ²¹³),
900 1581 1122 1668 Alerpndrum
1157 1595 1220 1646 tua.
1252 1578 1342 1642 lstud
1373 1599 1447 1641 cum
1469 1579 1669 1659 persuadere
1691 1578 1811 1654 voluit,
1833 1579 1922 1642 ultro
2055 1633 2068 1660 ,

356 1677 570 1746 Mallenoibus
601 1677 733 1742 Ciliciae
762 1681 921 1744 tributum
944 1683 1122 1758 remisisse,
1158 1701 1261 1766 genua
1290 1697 1489 1760 suum1cum
1513 1679 1638 1741 Perseo
1660 1693 1694 1742 et
1715 1679 1846 1763 Argivis
1868 1699 1922 1742 co·

241 1808 247 1818 ·
356 1782 443 1864 quod
473 1779 510 1840 hi
537 1778 734 1858 Argivorum
758 1794 869 1846 essent
891 1781 1017 1857 coloni,
1039 1783 1124 1867 ipae·
1158 1777 1297 1862 pulavit,
1332 1789 1430 1860 atque
1467 1779 1543 1844 hinc
1583 1777 1724 1854 factum,
1761 1793 1813 1854 ut,
1849 1800 1922 1842 cunr

356 1901 421 1964 que
451 1879 491 1941 ab
513 1878 698 1942 Heraclidis
723 1882 854 1966 Argitis
884 1882 1056 1945 oriundum
1086 1901 1121 1944 ao
1157 1879 1245 1942 idern
1279 1878 1450 1962 Philippus
1478 1882 1593 1962 Argos.
1623 1880 1775 1955 venisset,
1799 1881 1923 1942 curatio

355 1979 557 2066 perhiberet.
580 1980 695 2063 Neque
719 2001 801 2062 vero,
816 2002 936 2070 ‘recena
957 1981 1037 2045 haec
1060 1983 1121 2044 luit
1154 1983 1427 2043 Heraeorumet
1454 1983 1654 2042 Nemeorum
1678 1977 1840 2062 suffragiis
1868 2002 1927 2065 po·

354 2081 482 2145 Pellaei
513 2078 641 2164 juvenis
680 2081 830 2163 ambiti03
867 2085 933 2168 jam
965 2085 1054 2144 cuim
1090 2095 1122 2144 et
1156 2085 1226 2166 puli
1256 2082 1298 2144 ad
1325 2101 1400 2144 eum
1428 2079 1632 2156 deferretur,
1662 2082 1755 2164 quia,
1777 2094 1812 2142 ut
1834 2078 1925 2142 addit

311 2241 319 2262 ,
357 2179 544 2244 Alexander
569 2181 594 2243 l.
624 2180 835 2243 Macedoniae
858 2202 937 2256 rex,
960 2202 1033 2246 oum
1053 2205 1123 2246 cer·
1157 2181 1290 2258 Liviua,
1313 2182 1369 2267 qui
1385 2183 1467 2245 haec
1481 2180 1635 2264 perhibet
1654 2183 1703 2260 t),
1727 2202 1761 2242 re
1782 2177 1926 2243 diacedr-

358 2297 484 2344 taturus
510 2282 545 2342 in
563 2279 715 2361 Olympia
736 2281 971 2365 prohiberetur
987 2307 1004 2348 a
1021 2285 1123 2348 Grae·
1157 2305 1233 2345 num
1261 2304 1350 2364 repes
1376 2306 1418 2347 ou
1435 2303 1488 2348 ,eu
1517 2285 1649 2343 civitate
1672 2285 1825 2343 oriundae
1844 2283 1925 2360 refe·
2037 2298 2041 2306 “

359 2383 423 2456 cio,
456 2381 543 2464 quod
565 2381 722 2447 barbarus
760 2397 866 2459 esset,
897 2384 1056 2467 Argivum
1086 2405 1121 2448 ae
1159 2393 1249 2458 runt,
1288 2383 1376 2467 quod
1403 2397 1450 2448 *et
1485 2382 1616 2466 Argivis
1646 2381 1805 2444 creditum
1836 2381 1923 2442 infra

279 2515 283 2522 ·
357 2484 465 2564 palam
490 2483 658 2568 proferena
684 2481 794 2565 este).
821 2484 901 2546 Jure
925 2487 1027 2570 igitur
1047 2485 1124 2546 Phi·
1160 2481 1454 2566 commemorarer).
1498 2484 1546 2544 Ao
1568 2483 1708 2566 denique
1730 2501 1772 2542 ne
1791 2500 1854 2566 per
1874 2501 1927 2544 ao·

344 2586 484 2668 lippum
512 2587 670 2666 Amyntae
703 2585 750 2646 sio
785 2582 973 2668 adloquitur
1001 2591 1127 2649 lacera·
1159 2583 1224 2646 lam
1245 2583 1455 2652 ambitionem
1477 2583 1512 2646 iu
1534 2581 1765 2644 Carauidarum
1795 2601 1828 2643 se
1852 2582 1926 2644 stir-

359 2699 409 2748 les
433 2687 481 2766 ⁰):
506 2685 614 2769 Αργος
633 2705 687 2765 μεν
704 2705 770 2768 «γαρ
790 2681 860 2746 t’o're
878 2706 929 2747 eoa
945 2709 1072 2768 πατρις,
1087 2684 1125 2764 ἧς
1159 2685 1235 2767 peril
1248 2685 1417 2748 intrusisse
1437 2683 1585 2749 videatur
1601 2681 1789 2767 Philippus,
1811 2681 1926 2746 verisi-

362 2779 641 2858 draaroaroouorua
663 2786 1126 2866 oeneeaaoSuenertssua,dour
1161 2786 1239 2848 mile
1269 2799 1335 2862 est,
1367 2769 1521 2868 Ahtigoui
1551 2803 1681 2868 quoque
1712 2803 1833 2866 genus,
1863 2783 1927 2845 etsi

358 2911 413 2968 περ
436 2907 493 2948 των
515 2907 625 2972 porea»
652 2903 709 2946 reu
733 2901 835 2948 oraru
871 2893 976 2969 Arpos
999 2892 1127 2972 quidem
1159 2906 1227 2948 nou
1261 2883 1376 2948 eadem
1410 2907 1484 2950 cum
1520 2886 1707 2948 Alexandro
1738 2887 1783 2948 Μ.
1812 2883 1926 2968 stirpe,

349 2993 420 3050 riui
438 2993 550 3066 patria
565 2991 689 3066 eat,cua'
703 2993 834 3054 eoadem
846 3001 1011 3065 cercurum,
1029 3011 1126 3074 quam
1160 2985 1200 3050 ab
1224 2985 1409 3048 Heraclidis
1425 2985 1614 3049 Temenidis
1634 2983 1861 3058 descendisse,
1884 2983 1926 3044 de

358 3094 424 3152 suis
446 3091 546 3162 ἱρεῖαι
564 3090 769 3164 parentibus,
792 3091 970 3168 despondere
990 3111 1126 3173 acquum
1161 3107 1226 3169 quo
1252 3088 1328 3153 ride
1351 3089 1480 3172 prolixe
1508 3087 1725 3168 disputantem
1747 3085 1926 3176 Reinerum

356 3199 414 3250 est.
437 3187 552 3248 Fuisse
568 3186 930 3272 Perseumdrgivoruru
946 3209 1072 3270 regem,
1089 3205 1126 3253 et
1161 3190 1374 3254 Reineceium
1397 3191 1436 3271 ⁸).
1473 3191 1565 3274 Ergo
1587 3187 1705 3250 are-cui
1727 3199 1814 3247 esset
1835 3204 1928 3268 prae·
2049 3243 2057 3252 .

351 3286 443 3371 apud
474 3290 580 3369 Argoa
608 3286 727 3350 eximie
758 3288 904 3384 cultum,
930 3290 1004 3373 quia
1035 3291 1126 3375 igno·
1162 3289 1286 3352 clarum
1310 3311 1403 3354 auum
1438 3309 1539 3372 genua
1568 3288 1735 3372 ignotum,
1766 3305 1828 3348 oea
1850 3285 1928 3348 Ale·

357 3387 431 3449 rat?
455 3387 567 3481 Quare
590 3399 623 3448 et
642 3389 675 3447 iu
692 3387 856 3472 Argoruur
870 3410 981 3464 numo,
1005 3391 1061 3474 qui
1076 3403 1126 3454 ost
1162 3389 1284 3454 rander
1299 3393 1500 3466 Herculem,
1521 3389 1567 3454 sie
1585 3391 1613 3451 ie
1633 3390 1790 3450 Perseum
1810 3387 1843 3448 in
1858 3407 1929 3450 ruo·

358 3489 392 3548 in
415 3507 528 3550 museo
549 3489 727 3564 Caesareo,
760 3486 895 3573 lingitur
920 3489 1026 3569 aquila
1053 3491 1127 3552 har·
1161 3504 1237 3554 ueta
1257 3513 1313 3554 sua
1338 3473 1531 3579 preposuit,
1562 3489 1655 3573 cujus
1682 3507 1800 3572 nempe
1828 3485 1927 3550 abne·

356 3609 418 3673 pae
435 3589 606 3664 insistens3
629 3589 798 3665 nimirum,
821 3589 912 3659 utin
927 3591 1033 3652 numia
1050 3591 1125 3652 Phi·
1160 3612 1221 3674 poe
1244 3605 1346 3678 caret,
1369 3614 1452 3677 quae
1475 3591 1599 3654 insania
1620 3591 1755 3674 stirpem
1769 3611 1788 3650 a
1801 3591 1926 3650 Perseo

287 3701 292 3706 '
356 3690 438 3773 lippi
467 3709 545 3752 mora
567 3689 756 3774 descriptis,
780 3689 1056 3784 harpaprelertur
1084 3691 1125 3754 ad
1161 3711 1262 3776 usque
1295 3691 1478 3756 deducendi
1510 3693 1575 3752 uon'
1598 3689 1695 3753 modo
1719 3690 1780 3752 hro
1809 3701 1926 3762 aetate,

231 3831 235 3838 ,
357 3794 536 3866 Perseum,
567 3791 674 3876 aquila
695 3791 733 3853 a'd
757 3791 827 3872 ejus
849 3805 974 3876 patrem
997 3791 1124 3854 Jovem.
1159 3791 1217 3856 sed
1240 3792 1341 3856 multo
1369 3794 1464 3856 etiarn
1496 3791 1681 3875 posteriore
1711 3787 1851 3852 inhaesit
1873 3775 1934 3864 iia,¹

401 3893 597 3969 Sedenim,
620 3893 764 3977 inquies,
787 3879 1123 3975 quidheecper'Ca·
1159 3895 1217 3986 qui
1237 3895 1352 3980 Argivi
1384 3893 1481 3956 domo
1505 3893 1612 3960 fuere.
1655 3893 1702 3953 lta
1714 3887 1819 3950 ¹euius·
1833 3887 1926 3970 leges

218 4003 223 4010 '
272 3997 281 4024 '
359 3990 1122 4082 ranumaPerseopetitastirpeadPhilippum
1157 3995 1190 4056 iu
1227 4015 1408 4070 marmore,
1439 3995 1653 4076 quod-edidit
1677 3987 1828 4057 traffeisa
1849 3991 1931 4068 ‘leat‘

472 4430 504 4501 ιι)
525 4427 838 4507 ldytl.xxlv.v.72.
895 4394 1019 4499 tyara.
1033 4429 1070 4486 a.
1085 4427 1136 4486 ut.
1151 4449 1175 4486 ο.
1190 4434 1233 4510 a„
1268 4429 1301 4500 a)
1320 4430 1351 4484 u.
1367 4427 1435 4489 xv.
1450 4429 1474 4498 t.
1489 4438 1535 4492 aa
1589 4425 1614 4502 1)
1632 4431 1667 4488 u.
1680 4427 1800 4492 uras.
1844 4431 1930 4500 auu

364 4521 488 4584 ll.c·5·
538 4521 569 4588 ¹¹)
589 4516 732 4588 Herodot.
747 4519 779 4576 L.
800 4517 834 4576 V.
848 4537 875 4574 c·
891 4527 938 4580 22·
988 4517 1018 4589 ⁰)
1038 4515 1122 4602 Orat.
1143 4516 1182 4574 sd
1203 4517 1331 4594 Philipp.
1385 4517 1417 4588 p)
1444 4517 1477 4574 L.
1502 4516 1540 4576 V.
1559 4539 1584 4576 c.
1602 4527 1646 4578 1⁰.
1671 4555 1675 4566 ·
1698 4520 1728 4593 q)
1744 4517 1776 4573 L.
1797 4517 1924 4578 xxvll.

360 4633 386 4669 a.
403 4620 447 4672 30.
501 4605 714 4688 mxxxii·
733 4615 816 4670 cr22-
875 4607 901 4676 ¹)
917 4625 984 4682 pag.
999 4615 1045 4672 99.
1099 4607 1125 4678 t)
1144 4607 1219 4666 Mus.
1230 4607 1343 4666 Veron.
1357 4627 1389 4682 p.
1404 4603 1508 4666 XLlll.
1728 4625 1732 4636 ·
