4270 5488
745 556 1276 718 coactae
1648 622 1800 735 ,φ

229 773 304 838 cisa
349 790 407 836 eos
451 771 609 855 gloriatos
648 753 814 850 norimus,
864 777 904 836 'se
957 771 997 836 ab
1033 771 1204 838 victoriam
1219 772 1261 835 de
1276 769 1556 855 Pseudophilippo
1573 771 1803 837 indicantibus.

228 873 370 940 Alcinoo
399 887 433 936 et
459 874 661 938 Phaeacibus
692 877 796 958 g'enua
826 895 919 936 suum
943 873 999 939 de·
1032 875 1069 936 ln
1085 873 1307 957 symbolorum
1319 893 1400 937 vere
1420 871 1656 954 compositione
1672 887 1734 936 tant
1748 897 1807 959 pa·.

226 975 359 1052 rivere,
390 973 433 1037 ds
461 995 526 1059 quo
554 973 701 1058 pluribus
729 995 821 1062 agam
851 971 937 1039 inira
962 977 997 1038 in
1032 997 1107 1039 rum
1128 975 1256 1042 veritati
1277 974 1417 1038 intendit
1437 973 1619 1057 antiquitas,
1636 995 1731 1058 quam
1748 999 1804 1062 pa·

224 1077 336 1139 numia
364 1077 566 1140 coloniarum
591 1063 752 1146 Corinthi
793 1078 835 1139 At
853 1071 997 1162 quadra·
1035 1097 1107 1139 rum
1133 1075 1221 1140 istud
1245 1087 1388 1193 praestat
1408 1089 1704 1150 nostrumaevum,
1728 1095 1801 1141 cum

227 1193 300 1240 tum
329 1177 434 1253 istud,
472 1175 577 1260 ajunt,
618 1179 674 1265 qui
714 1201 731 1240 a
764 1178 999 1261 Bartheletnyo
1035 1176 1222 1242 nobilium
1212 1175 1404 1259 insignius:
1419 1177 1529 1253 robus,
1552 1195 1634 1278 quae
1656 1176 1719 1239 sihi
1735 1195 1804 1242 sae·

225 1291 333 1354 stant,
361 1279 395 1340 in
426 1279 534 1360 numia
564 1279 658 1356 aliis,
688 1299 750 1344 ceu
771 1280 806 1342 in
827 1284 870 1344 Π.
893 1301 933 1344 cx
955 1279 1000 1344 ci·
1034 1277 1476 1362 pemaximeadverssntor,
1500 1273 1677 1362 componit.

225 1379 322 1457 tatis,
363 1391 414 1442 eat
454 1377 581 1444 formae
618 1379 796 1458 rotundae,
833 1393 867 1445 ct
898 1381 1000 1444 instar
1078 1379 1296 1462 Epiqrephs
1287 1401 1321 1442 ιιι
1343 1377 1509 1461 Corcyrae
1537 1379 1643 1442 nomia
1666 1377 1806 1442 multum

227 1479 332 1553 astri,
356 1494 389 1543 et
417 1481 554 1543 multum
585 1478 745 1546 abludens
767 1504 785 1546 a
807 1482 1000 1565 descriptio·
1034 1480 1148 1547 variat.
1199 1479 1361 1549 Videas'
1351 1502 1384 1542 ιιι
1423 1481 1474 1552 his
1509 1479 1551 1546 Κ
1589 1477 1661 1542 ΚΟ.
1701 1477 1803 1547 ΚΟΡ.

227 1599 273 1642 ne
295 1579 483 1648 Homerica.
526 1581 588 1664 aj0
618 1601 697 1666 ego,
729 1603 802 1646 eam
824 1584 999 1670 imaginem
1034 1577 1167 1648 ΚΟΡΚ.
1183 1575 1413 1642 ΚΟΡΚΤΡΑ.
1432 1573 1680 1643 ΚΟΡΚΤΡΑΙ.
1699 1577 1805 1642 ΚΟΡ-

226 1707 297 1749 non
326 1707 400 1750 esse
428 1687 530 1750 instar
557 1689 655 1766 astri,
686 1691 745 1752 sed
773 1712 846 1756 esea
874 1689 997 1752 astrum
1034 1677 1266 1744 ΚΤΡΑΙΩΝ.
1288 1683 1326 1744 ln
1343 1679 1805 1746 multisnomennrbisnnani·
1890 1677 1892 1680 ’

225 1790 358 1872 ipsum,
387 1808 566 1873 unumque
609 1809 650 1851 ex
693 1790 850 1872 symbolis
887 1790 998 1866 certia,
1033 1763 1474 1876 festatmonogrammaffi
1501 1769 1619 1866 Raut
1641 1769 1803 1853 similiter.

226 1907 312 1971 quse
343 1887 406 1950 sibi
436 1885 605 1954 adscivere
629 1862 869 1974 Corcyrenses,
891 1904 927 1954 ut
948 1913 1000 1955 su·
1034 1887 1077 1948 ht
1109 1887 1244 1951 Graecia
1271 1890 1485 1976 scriptoribus
1516 1888 1589 1952 fere
1615 1901 1803 1954 constanter

226 2011 288 2073 pra
319 1987 405 2063 dixi,
434 2003 532 2075 atque
561 1991 658 2052 etiam
686 2005 723 2054 ut
753 1991 897 2054 ferma
887 2013 921 2053 ιιι
943 1991 1000 2056 ali·
1035 1985 1155 2050 dicitur
1176 1988 1319 2072 Κιςιιυςιι.

227 2090 348 2175 quibus
376 2090 466 2152 foret
493 2091 653 2168 rotunda,
682 2111 722 2153 an
755 2112 820 2154 non
852 2105 885 2155 et
916 2091 1000 2156 Cno·
1077 2089 1456 2156 lllostrioresnumialii
1474 2107 1558 2156 aunt.

228 2190 502 2273 silahyriuthum
524 2191 589 2274 jam
614 2191 778 2278 quadrata,
800 2192 864 2278 jaan
890 2206 1000 2255 rotun·
1078 2185 1270 2257 ΑΓΡΕΤΟ.
1295 2197 1352 2256 Vir
1372 2205 1500 2274 topatus
1521 2204 1612 2263 stans
1629 2197 1802 2274 d.serpen·
1839 2191 1841 2201 ’

228 2290 288 2367 da,
308 2291 375 2374 jam
399 2305 545 2357 tortuosa
569 2291 603 2352 in
625 2293 732 2354 numia
755 2292 999 2378 iormapictum
1035 2303 1098 2356 tem
1126 2301 1229 2370 tenen
1265 2315 1491 2379 menumquam
1521 2305 1589 2357 atet
1613 2297 1696 2356 inter
1722 2299 1805 2356 duae

226 2391 413 2456 hahemus?
461 2394 505 2455 At
531 2413 649 2455 numus
678 2393 873 2478 Apolloniae
903 2397 1001 2476 Nysu-
1035 2397 1209 2456 columnas.
1235 2381 1413 2458 tze'rcss
1435 2393 1615 2460 KACIOC.
1657 2399 1806 2474 ,luppiter

227 2493 369 2576 phaeum
398 2493 516 2557 ardens
548 2495 705 2579 quadrato
735 2495 812 2559 huic
846 2495 1000 2560 includit.
1035 2500 1148 2557 aedem
1164 2497 1200 2555 in
1217 2499 1331 2575 templo
1346 2498 1466 2575 distylo
1481 2499 1515 2558 d.
1531 2493 1804 2563 tastam.hlt.11.

227 2591 311 2686 Quis
325 2613 409 2661 reso
426 2593 585 2658 artificem
602 2607 664 2658 t'aru
684 2597 828 2681 ineptum
849 2595 912 2658 sibi
927 2613 1002 2680 per·
1035 2598 1133 2674 (Mus.
1150 2595 1257 2672 Caes.)

227 2693 382 2772 suadeat,
403 2695 460 2780 qai
481 2708 625 2760 montem
652 2697 854 2783 ignivomum
868 2697 1000 2760 Alcinoi
1077 2690 1305 2760 KOPKTPA.
1338 2701 1440 2777 Capiat
1475 2701 1629 2780 Corcyrae
1668 2701 1752 2761 laur.
1781 2693 1805 2756 1

227 2795 336 2870 hortis
353 2797 570 2880 imposuerit?
591 2798 764 2874 Nimirum,
779 2799 842 2880 ajo,
860 2812 892 2860 et
909 2799 1000 2878 inep-
1036 2791 1165 2858 ZGTC.
1182 2795 1361 2863 Kactoc.
1381 2803 1470 2862 Idem
1490 2810 1594 2879 typus.
1616 2799 1683 2862 AE.
1705 2799 1747 2862 11.

228 2895 535 2982 tusisartifes,qui
552 2912 655 2962 totum
673 2912 817 2961 montem
833 2901 999 2980 Argaeum
1076 2899 1202 2960 Numae
1243 2898 1335 2979 prior
1368 2897 1408 2961 ab
1439 2899 1696 2985 antiquariorum
1731 2896 1804 2960 libi·

226 2999 326 3086 capiti
348 2999 438 3082 genii
459 2999 639 3064 Caesareae
657 2999 999 3086 Cappadociaeimpo·
1035 2997 1111 3060 dine
1134 2998 1271 3062 multum
1294 3013 1438 3064 vexatus.
1480 2999 1705 3072 Kaaaoehius,
1727 3019 1803 3062 cum

225 3103 303 3166 suit.
326 3098 458 3185 Siquid
472 3097 581 3179 rideo,
597 3101 998 3186 monetariusdpollonia·
1033 3098 1067 3160 in
1106 3117 1146 3161 eo
1183 3099 1314 3184 legeret
1342 3094 1547 3177 merc,
1576 3099 1721 3163 Hadriae
1751 3099 1804 3160 Pi·

225 3217 277 3267 tea
300 3199 405 3268 voluit
425 3199 628 3283 conjungere
652 3201 890 3286 etaymbolum
906 3202 997 3265 urbis
1034 3199 1108 3264 ceni
1132 3198 1245 3263 tribuit
1259 3203 1296 3300 )
1315 3199 1533 3283 adplaudente
1556 3177 1811 3266 fascinante.

224 3303 397 3387 proprium
420 3301 666 3386 Nymphaeum,
697 3317 730 3367 et
752 3302 892 3368 alterum
918 3306 997 3368 Cor·
1034 3303 1156 3386 gronio
1172 3302 1213 3385 ⁰.)
1234 3301 1378 3368 lacobus
1403 3300 1445 3364 de
1467 3305 1571 3386 Barry
1587 3303 1707 3367 Petrae
1725 3305 1806 3372 Ara-

158 3399 162 3404 ’
226 3423 304 3487 cyra
336 3401 514 3486 metropoli
542 3415 701 3481 tractum,
743 3407 860 3470 eodem
887 3405 998 3479 modo,
1033 3403 1124 3482 biae,
1148 3409 1230 3488 quac
1253 3409 1346 3488 Apro
1371 3404 1451 3468 olim
1476 3404 1652 3469 vocabatur
1672 3405 1714 3482 Ρ).
1745 3407 1803 3466 Ss-
1884 3481 1888 3490 Ι

227 3523 294 3592 quo
308 3501 494 3580 rudemni,
479 3523 518 3566 an
531 3524 631 3567 numo
647 3525 688 3568 ex
704 3505 809 3568 catana
819 3505 876 3574 1v.
891 3507 998 3590 plera·
1033 3501 1075 3565 tis
1105 3524 1170 3566 non
1198 3506 1298 3570 hodie
1325 3503 1450 3582 solnm,
1480 3503 1578 3568 aed
1566 3525 1632 3589 Jnm
1661 3502 1739 3564 inde
1760 3501 1808 3574 ab

226 3623 291 3691 que
314 3605 479 3685 Corcyrae
501 3605 647 3687 symbola
665 3607 700 3669 in
715 3627 814 3670 uuum
831 3621 996 3693 congesta,
1033 3603 1162 3670 Andrea
1178 3609 1343 3670 Marmora
1367 3607 1399 3689 q)
1422 3619 1564 3682 constat,
1596 3621 1714 3666 numos
1740 3603 1802 3665 hos

225 3705 341 3769 honos
355 3704 505 3780 Alcinoi,
527 3719 669 3782 astrum,
692 3708 840 3786 botrum,
862 3709 994 3788 dietam,
1032 3725 1105 3769 ease
1120 3707 1356 3788 corcyrenses,
1378 3709 1441 3771 etsi
1456 3707 1583 3769 insulae
1599 3723 1719 3773 nomen
1736 3721 1811 3774 non,
1919 3787 1920 3792 ἵ

225 3805 406 3892 vernado
423 3807 717 3888 monetariusille‚
739 3806 995 3897 quiindenario
1031 3807 1185 3884 addatur,
1227 3822 1323 3890 atqua
1361 3807 1426 3872 etsi
1453 3804 1541 3870 istud
1570 3803 1812 3873 aliundessuon·

227 3912 274 3976 ΙΙ.
305 3907 444 3972 casailtt
468 3909 597 3974 Metelli
622 3925 717 3994 caput
746 3910 911 3996 elephanti
929 3914 1001 3995 cly·
1033 3921 1216 3985 constaret,
1246 3907 1405 3973 docerent
1433 3921 1502 3972 tum
1525 3925 1706 3971 namus-ex
1722 3922 1811 3990 pror·

225 4011 299 4097 peis
313 4007 537 4074 Macedonicis
561 4007 707 4074 clausum
731 4011 918 4098 proposuit,
941 4011 999 4076 du·
1032 4011 1148 4096 positia
1169 4011 1271 4087 alter,
1294 4009 1474 4084 tum'nnmi
1495 4006 1699 4091 imperatorii
1722 4001 1811 4080 iudas,
1837 4007 1839 4012 '

226 4111 306 4197 piex
320 4110 490 4194 conjunxit
505 4111 611 4197 gentis
627 4113 788 4189 Caeciliae
805 4113 916 4191 decus,
932 4114 999 4178 ele·
1033 4113 1074 4176 ab
1097 4111 1284 4189 Antonino,
1305 4110 1339 4173 in
1356 4111 1477 4198 ,quihus
1497 4107 1692 4194 frequenter
1713 4107 1809 4171 idem

223 4214 350 4300 phanto
374 4213 546 4295 victoriana
576 4213 618 4277 da
641 4214 849 4293 Asdrubale,
872 4215 998 4300 clypeis
1032 4219 1160 4297 Aqreea
1175 4227 1208 4277 et
1217 4215 1344 4293 Jupiter
1353 4215 1662 4288 Casiusrecnrrunt,
1670 4208 1804 4274 etdubi·

1605 4423 1786 4440 uun—na·-

345 4534 476 4608 amat.
490 4533 657 4612 Beraalp
675 4541 740 4600 528.
827 4538 862 4611 ⁰)
876 4537 951 4602 ttiss
971 4535 1009 4596 ds
1027 4535 1124 4595 Paesti
1143 4533 1309 4619 Origin
1345 4536 1377 4609 ιι)
1399 4479 1527 4595 Relaud.
1546 4531 1671 4596 Palaest.
1691 4535 1799 4597 illustr.

224 4637 257 4701 v·
275 4628 339 4690 889·
426 4628 458 4697 q)
474 4622 551 4688 Eiet.
570 4625 664 4688 Coto.
1705 4669 1727 4678 ..

1527 4721 1596 4786 Za
