4288 5504
572 817 1522 980 ·‚n1rntnta

978 1099 1352 1119 Q

560 1291 903 1356 protelaveram.
1146 1287 1248 1351 fuine
1277 1287 1465 1370 Bithyniae,
1503 1283 1648 1371 prodidit
1677 1285 1742 1348 Dio
1781 1287 1822 1350 ati
1852 1307 1907 1352 an·

990 1405 997 1416 ·
1147 1411 1224 1451 nunt
1248 1393 1286 1456 V.
1304 1393 1342 1458 C.
1356 1389 1428 1472 087.
1471 1389 1535 1452 Hie
1558 1409 1630 1459 curn
1654 1385 1784 1470 prolixe
1806 1409 1914 1452 narra-

225 1483 227 1488 ’
344 1464 526 1572 Bithyniae
553 1489 688 1554 biatoria
716 1491 942 1556 numismatiea
974 1504 1111 1576 propter
1146 1503 1215 1565 ret,
1239 1511 1310 1552 ma
1291 1515 1384 1571 nant
1407 1491 1508 1554 fnisse
1531 1510 1569 1550 ea
1602 1503 1706 1550 aetate
1737 1488 1831 1569 (rara
1852 1515 1903 1552 rar

273 1615 275 1620 ’
344 1593 415 1674 ejuo
441 1611 630 1668 numornm,
661 1613 698 1655 ao
726 1593 930 1674 potissimum
962 1591 1134 1678 epochae
1146 1610 1249 1673 χρονοι
1272 1615 1318 1652 εκ
1321 1595 1393 1675 nor)
1423 1592 1578 1655 Romanis
1614 1589 1749 1651 inditam
1789 1611 1911 1669 curam,

344 1693 566 1776 cognitionem
593 1693 775 1758 accuratius
800 1695 977 1760 tractanda.
1028 1699 1108 1758 Eam
1146 1711 1187 1752 ne
1204 1693 1275 1777 quia
1291 1695 1518 1776 largitionibus
1545 1693 1695 1776 perriutn
1718 1709 1754 1751 oe
1776 1691 1912 1775 praebe·

341 1793 504 1876 principio
521 1807 778 1876 regeatenuere,
798 1795 839 1856 tle
859 1797 974 1878 quibus
992 1811 1108 1878 agatur
1135 1809 1213 1868 ret,
1245 1795 1316 1876 ojus
1342 1795 1448 1858 adfert
1473 1796 1659 1873 exemplum
1682 1793 1906 1855 luculentum:

338 1894 503 1974 inregutn
525 1895 642 1959 numia.
664 1895 791 1954 Horum
810 1911 996 1978 postremus
1014 1899 1109 1958 Nico·
1144 1897 1189 1959 M.
1223 1898 1350 1958 Cottam
1379 1917 1398 1959 e
1428 1897 1595 1981 provincia
1625 1895 1776 1974 Bithynia
1813 1895 1909 1957 redu-

339 1993 454 2054 medea
471 1992 528 2058 tv.
544 1991 632 2056 diem
647 1995 748 2057 obivit
762 1996 848 2060 V.C.
867 2001 950 2078 h7o.,
964 1999 1014 2058 rel
1032 1998 1106 2071 otto,
1144 1991 1254 2058 cama
1283 1999 1320 2066 C.
1348 1997 1496 2061 Carbone
1525 1994 1778 2078 repetundarum
1809 1995 1908 2058 fnisse

328 2108 394 2155 'oat
409 2095 586 2156 troandum
603 2098 784 2180 Appianum
800 2096 871 2175 678.
888 2096 936 2177 ¹),
967 2099 1021 2180 qni
1049 2120 1106 2183 po·
1142 2114 1343 2176 accusatum,
1376 2099 1463 2181 quod
1489 2099 1571 2159 adeo
1596 2097 1717 2180 placuit
1744 2098 1908 2170 Romanis,

341 2195 452 2274 pulum
470 2195 651 2257 Romanum
674 2197 768 2279 regni
792 2197 968 2258 haeredem
995 2220 1035 2260 ex
1059 2215 1107 2262 te·
1142 2213 1176 2260 ut
1199 2201 1302 2276 hune,
1334 2203 1396 2264 etsi
1419 2201 1593 2262 tribunicio
1617 2213 1738 2258 tanturn
1769 2217 1905 2260 rnnnere

338 2309 499 2358 etantanto
523 2295 668 2380 reliquit.
722 2297 838 2382 Coepit
865 2315 931 2359 tunt
954 2299 1105 2381 Bithynia
1141 2301 1310 2378 iunctum,
1343 2301 1568 2365 consularibus
1596 2299 1776 2370 honoribus
1813 2319 1909 2363 exor-

255 2393 265 2409 ’
339 2395 462 2461 ι’νίτο
487 2399 538 2462 vel
561 2398 742 2475 consulari,
772 2401 824 2462 vel
857 2404 1022 2482 praetorio
1047 2423 1104 2484 gn·
1141 2419 1245 2468 naret.
1291 2409 1331 2466 ht
1362 2423 1440 2465 vero
1473 2403 1557 2464 hune
1587 2403 1691 2484 ipsum
1723 2401 1903 2464 Carbonem

223 2513 228 2522 '
333 2499 482 2564 'berneri
1138 2509 1241 2564 aerina
1264 2501 1393 2584 (ὖςεςω)
1418 2502 1524 2564 eidem
1547 2503 1717 2582 Bithyniae
1740 2503 1905 2584 regendae

325 2607 329 2618 '
377 2601 506 2664 Primut
545 2601 750 2682 magistratus
786 2603 967 2679 Romanus,
1004 2623 1114 2689 quem'
1138 2604 1322 2680 admotum,
1359 2625 1433 2668 cunt
1466 2603 1570 2665 nihilo
1601 2604 1799 2664 moderatior
1829 2625 1903 2668 aeae

330 2703 505 2782 Bithyniae
523 2706 611 2762 numi
632 2693 791 2788 produnt,
822 2719 873 2765 eat
897 2709 927 2767 C.
952 2709 1101 2786 Papirius
1139 2717 1287 2786 gereret,
1311 2708 1453 2769 vicissim
1475 2727 1493 2766 a
1516 2705 1629 2766 Cottae
1651 2703 1720 2767 lilio
1739 2705 1839 2768 fuisse
1869 2709 1901 2766 itt

334 2807 447 2868 Carbo.
469 2803 1101 2888 Sunthiautononisetpraeterurbia
1137 2806 1187 2886 jut
1218 2819 1387 2882 vocatum,
1416 2819 1451 2868 et
1485 2803 1578 2867 reum
1603 2823 1788 2888 peractum.
1840 2807 1899 2870 Hit

334 2925 454 2966 nornen
471 2905 668 2972 interibunt:
692 2902 720 2964 Γ
723 2903 1098 2978 affirmantium,
1137 2908 1252 2968 Dionis
1277 2907 1384 2970 vet-bia
1407 2909 1565 2971 docentur
1587 2891 1737 2994 quidem,
1766 2913 1801 2973 C.
1825 2913 1900 2971 Can·

333 3003 609 3066 ΚΑΡΒΩΝΟΣ.
641 3009 894 3090 Typuapotior:
924 3014 1026 3072 Roma
1039 3034 1097 3092 ya-
1134 3007 1252 3070 bonem
1284 3009 1385 3094 fnisse
1415 3011 1448 3070 in
1478 3012 1645 3092 Bithynia,
1672 3031 1790 3072 oerum
1826 3033 1898 3074 eum

329 3114 418 3168 leuia
440 3111 551 3168 rodeno
572 3111 604 3170 d.
634 3112 857 3184 Victoriolam,
895 3132 920 3170 a.
954 3115 1096 3189 hastam,
1134 3109 1243 3170 verbio
1274 3112 1363 3192 vagia
1392 3127 1518 3174 utatur:
1554 3131 1595 3174 ea
1625 3123 1748 3188 aelate,
1777 3119 1898 3188 aerior,

328 3201 642 3285 infernercripium:
665 3203 822 3278 ΡΩΜΗ,
855 3211 934 3271 Cum
954 3211 1096 3274 horma·
1132 3231 1215 3294 quae
1236 3212 1347 3294 plures
1363 3237 1464 3278 annor
1481 3227 1616 3298 poaannt
1632 3197 1824 3296 complecti,
1855 3217 1895 3277 tle

330 3309 466 3390 gistratn
487 3321 559 3367 runt
580 3309 669 3370 nunti
698 3308 825 3368 urbium
850 3313 1012 3390 Bithynii,
1037 3317 1092 3376 Ni·
1132 3332 1216 3372 nno
1233 3311 1365 3378 delinita
1383 3336 1447 3378 non
1467 3329 1603 3382 constat.
1654 3315 1828 3391 Novimus,
1851 3321 1896 3383 M.

297 3429 444 3484 ‘coeam
483 3413 704 3483 Nicomediae,
743 3413 879 3484 Prusae,
925 3427 958 3473 et
1002 3429 1094 3476 extra
1132 3413 1258 3474 Cottam
1281 3413 1383 3478 fuisse
1409 3418 1577 3478 consulem
1608 3417 1649 3481 V.
1671 3417 1709 3478 C.
1732 3418 1824 3492 bilo..
1862 3433 1896 3480 et

325 3509 515 3590 Bithyniam
539 3513 644 3572 Amisi
666 3509 782 3584 Ponti,
807 3523 840 3571 et
869 3513 1009 3576 Martiae
1036 3519 1095 3578 Pa·
1130 3536 1215 3578 enno
1234 3531 1391 3601 aequente
1409 3519 1535 3580 rexiaae
1552 3517 1747 3599 Bithyniam.
1785 3519 1894 3602 (Piglt.

218 3627 223 3640 ¹
324 3610 540 3694 phlagoniae,
564 3611 604 3671 tle
637 3611 753 3694 quibua
782 3632 842 3673 auo
870 3611 945 3674 loeo
975 3617 1092 3697 agitur.
1132 3617 1257 3698 Sigon.)
1286 3621 1334 3680 Ex
1361 3622 1451 3682 annia
1473 3613 1576 3683 ΒΚΣ.
1601 3613 1760 3682 eruta.
1799 3639 1896 3702 appa·

198 3711 200 3720 '
323 3715 452 3775 Horum
503 3713 672 3784 nonnullis
702 3711 841 3794 ,epucho
883 3712 1092 3793 inscribitur,
1128 3733 1199 3791 ret,
1229 3719 1370 3782 Carboni
1397 3723 1510 3784 saltem
1532 3721 1567 3782 itt
1587 3721 1755 3784 biennium
1779 3739 1893 3803 pruru-

242 3797 248 3812 ’
301 3833 408 3898 .quae
435 3813 496 3876 fuit
526 3813 714 3895 Bithynioa,
744 3826 778 3874 et
813 3813 946 3896 quidem
984 3820 1092 3881 nuntia
1128 3805 1462 3906 ga'tamprotinciam.

322 3915 483 3979 Nicaeaea
510 3911 615 3979 ΒΚΣ.
647 3911 768 3987 ΔΚΣ.,
809 3915 1020 4006 Nicomediae
1057 3936 1091 3984 et
1170 3923 1264 3984 Alter
1283 3930 1376 3988 eata
1396 3929 1626 4004 VibiuaPama
1641 3923 1674 3983 in
1689 3923 1891 4005 numitApa·

324 4020 443 4079 Prusae
467 4009 573 4080 ΔΚΣ.
598 4015 725 4078 Amiano
747 4031 781 4079 et
804 4019 1090 4084 Mattiaeaabtti·
1124 4044 1213 4085 meae
1254 4029 1414 4105 Illyricae,
1452 4038 1486 4086 et
1528 4030 1753 4089 Nicomediae:
1793 4021 1887 4092 Elii.

320 4135 418 4194 nent,
457 4119 610 4202 quoniam
646 4109 958 4200 extra'Bithyniam
996 4125 1087 4201 sitae,
1123 4117 1278 4188 rator.
1293 4121 1681 4195 ortsstot‘JtaNzA.
1707 4127 1889 4192 interibun-

318 4218 512 4302 atqueadoo
534 4217 746 4301 ejuaepueba
770 4213 810 4278 ad
835 4221 892 4282 baa
915 4243 981 4286 non
1012 4246 1088 4309 pet·-
1123 4235 1176 4286 tur
1197 4226 1272 4287 anni
1294 4219 1530 4293 EAMAZ.
1574 4231 1610 4290 ln
1640 4249 1705 4291 uno
1735 4229 1885 4302 Nicome-

311 4319 425 4383 ·tinnit.
448 4319 544 4381 Hune
560 4321 597 4382 C.
614 4319 779 4402 Papirium
792 4320 973 4386 Carbonem
991 4348 1086 4412 prae·
1122 4328 1195 4391 diae
1213 4324 1385 4391 hlorelliut
1403 4328 1485 4411 legit
1499 4322 1626 4408 ΒΛΣ.,
1649 4343 1681 4392 at
1704 4338 1795 4394 reete
1810 4349 1886 4394 eou-

313 4575 315 4581 ·
419 4563 819 4642 -·)1t·ll.ch,L.1.a111·
