4288 5504
636 617 827 690 REGES
854 615 1038 690 PONTI
1065 613 1138 688 ET
1162 598 1441 690 Bospori·
1750 605 1821 684 361

256 805 331 853 rnen
345 785 380 855 in
397 787 523 851 crinea
542 742 708 851 detortam
725 785 861 851 obtinet.
889 785 1023 851 Dictum
1042 734 1051 758 Ι
1071 791 1074 796 ’
1159 765 1441 848 memmae
1452 781 1482 843 1.
1504 797 1563 842 sse
1584 779 1730 859 Bospori.

256 895 415 969 Bosporos
440 909 458 951 a
481 885 568 952 freto
596 887 744 972 ejusdem
767 881 928 963 nominis'‚
965 889 1024 950 lto·
1100 887 1245 968 Propter
1269 881 1438 968 praeclara
1459 879 1492 941 in
1519 897 1625 964 remp.
1658 882 1776 948 merita
1809 908 1829 949 a

141 1047 147 1052 .
256 987 310 1053 die
337 991 445 1070 Caffa,
474 989 563 1074 qnod
586 991 726 1051 Pontum
751 1007 824 1053 cam
854 987 1021 1051 Maeotide
1058 985 1125 1050 onis
1158 997 1233 1068 post
1259 996 1399 1048 mortens
1424 1001 1486 1064 pro
1512 978 1576 1043 deo
1608 980 1716 1045 cnltcs
1742 997 1828 1050 teste

255 1089 443 1172 conjungit,
466 1103 499 1152 et
513 1109 652 1174 regnum
671 1091 776 1176 ipsum
792 1087 826 1149 in
844 1089 922 1151 duae
947 1109 1020 1170 par·
1056 1085 1230 1152 Strabone.
1251 1085 1414 1172 Regnavit
1427 1080 1504 1145 inde
1519 1077 1609 1154 ab’v.
1625 1083 1662 1150 0.
1678 1087 1753 1162 coe.
1774 1106 1827 1150 ot·

256 1205 308 1254 tes
341 1203 448 1264 secat,
493 1211 628 1275 quarum
661 1211 723 1254 una
754 1191 945 1274 Europaeo,
991 1208 1026 1256 et
1064 1205 1129 1272 que
1146 1193 1221 1262 443.
1264 1183 1515 1256 VideBoainm.

255 1291 325 1375 ipsa
340 1291 511 1375 peninsula
536 1303 602 1363 est,
634 1288 727 1372 cujus
754 1293 1025 1373 caput'Pantics·
1346 1291 1415 1351 Νη
1433 1307 1464 1348 m
1480 1305 1543 1350 uc.

260 1409 393 1473 pacem,
414 1389 519 1452 altera
542 1393 701 1466 laiatico,
718 1391 809 1474 cujus
826 1405 922 1476 capnt
942 1393 1025 1456 Pha·
1105 1392 1207 1470 Caput
1219 1391 1306 1470 repis
1320 1389 1547 1450 diadematum.
1590 1379 1827 1452 temne-

259 1494 406 1573 nagoria.
459 1491 539 1554 Inda
569 1491 709 1562 stertio
742 1491 832 1554 urbis
871 1491 1023 1558 conditae
1061 1481 1147 1553 ΩΣ.
1168 1481 1475 1552 ΠΑΙΡΙΣΑΔΟΤ.
1525 1486 1638 1551 Pallas
1661 1496 1773 1554 sedans
1794 1498 1825 1555 d.

258 1593 390 1656 saeculo
422 1591 607 1676 Bosporum
635 1611 711 1655 euos
742 1591 898 1656 habuisse
929 1615 1026 1677 reges
1066 1593 1293 1662 Victorinum,
1314 1611 1341 1654 r.
1356 1593 1465 1672 clypeo
1486 1591 1624 1667 irenica,
1656 1593 1745 1655 intra
1769 1597 1830 1656 sei·

258 1707 404 1768 constat,
427 1711 550 1778 eosque
566 1691 700 1756 durasse
715 1713 818 1776 usqne
835 1695 1026 1778 intempore
1062 1697 1115 1756 lae
1126 1695 1238 1774 fulcra
1258 1710 1497 1771 monoprnmsna
1518 1683 1683 1768 ssnN‘r„
1706 1695 1743 1754 s'n
1763 1697 1828 1758 imo

262 1794 467 1858 Constantini
483 1796 547 1870 et,
570 1792 660 1855 nami
675 1791 783 1877 palam
798 1792 928 1870 docent,
946 1815 1027 1878 quo·
1061 1796 1191 1856 tridena
1219 1790 1291 1858 AV·
1321 1791 1428 1864 (Bosa
1454 1810 1496 1852 ex
1518 1809 1601 1852 mas.
1627 1811 1699 1874 reg.
1722 1791 1827 1877 Gali.)

228 1903 230 1908 ’
259 1915 364 1980 nsque
382 1894 466 1956 nolli
480 1913 595 1978 regam
612 1906 760 1958 veterum
781 1893 920 1957 aliorum
936 1898 1025 1958 numi
1062 1892 1211 1956 Similem
1231 1891 1330 1955 alium
1353 1899 1388 1952 se
1405 1887 1527 1955 vidissc
1545 1889 1760 1958 vindobonae
1782 1908 1830 1958 te·

257 1997 492 2081 porrigantur,
514 1994 644 2059 siforte
668 2015 784 2058 numos
807 2017 924 2082 regom
948 2001 1027 2064 Per·
1062 1991 1396 2058 statorFroelichios·
1419 1989 1668 2080 (Notelemp.
1686 1995 1773 2078 ses.)
1833 2044 1837 2050 .

260 2097 327 2160 siae
347 2095 707 2168 Sasonidarumdemas‚
728 2093 939 2183 sedqncrnm
956 2121 1027 2165 nes·-
1106 2097 1143 2157 ln
1173 2095 1344 2180 praeclaro
1371 2092 1434 2156 hoc
1464 2113 1564 2155 nnmo
1599 2113 1676 2178 pars
1713 2115 1828 2160 arerss

260 2211 294 2260 ta
310 2211 398 2261 aetas
414 2195 471 2281 ligi
486 2199 616 2280 nequit,
646 2217 720 2260 cnm
745 2199 831 2261 notis
853 2199 1027 2266 chronolo.
1062 2193 1145 2258 adeo
1167 2197 1282 2257 similis
1304 2207 1355 2256 ost
1376 2195 1460 2277 parti
1482 2215 1633 2270 aversae,
1673 2209 1829 2276 quaeest

261 2299 343 2380 gicis
361 2299 588 2362 destituantur.
694 2301 696 2306 ‘
1061 2298 1096 2359 in
1118 2297 1224 2360 numia
1248 2294 1437 2376 Lysimachi
1470 2296 1562 2380 rogis
1584 2295 1763 2374 Threciae,
1793 2311 1829 2359 nt

301 2399 565 2482 Bosporanorum
583 2418 699 2482 regum
716 2399 1026 2468 nnmihaechebent
1061 2399 1123 2462 nisi
1152 2397 1335 2481 Bosporani
1365 2397 1455 2480 regis
1484 2395 1676 2481 inscriptum
1706 2417 1828 2461 nomen
1962 2449 1965 2455 ,

261 2499 490 2584 sibipropria,
514 2499 540 2566 I.
559 2501 645 2585 qnod
662 2502 840 2584 epocham,
861 2519 916 2568 ant
935 2507 1025 2588 regis
1060 2499 1250 2584 legeretur,
1280 2516 1357 2560 cam
1386 2495 1479 2561 nullo
1508 2499 1612 2560 eroris
1644 2512 1734 2561 metu
1769 2521 1828 2562 nu-

266 2601 317 2664 soi
341 2621 443 2664 annos
463 2599 614 2685 plerique
636 2599 835 2680 inscribunt,
869 2608 910 2671 11.
936 2607 1026 2690 qnod
1061 2621 1147 2662 mum
1182 2599 1358 2663 Thracium
1397 2599 1538 2664 diceres.
1588 2597 1720 2662 Etenim
1757 2619 1823 2662 non

262 2723 359 2786 saepe
373 2704 475 2766 altera
493 2715 584 2784 parta
601 2702 807 2786 imperatorie
822 2707 864 2772 R.
879 2704 1026 2790 effigiem
1061 2701 1161 2764 modo
1203 2699 1370 2783 conspirat
1412 2701 1604 2778 metallum,
1656 2715 1711 2763 et.
1733 2716 1827 2784 typus

264 2801 396 2878 sistant,
420 2823 502 2885 quse
516 2804 631 2888 primis
647 2801 773 2866 dnobus
788 2805 913 2869 Romae
927 2807 1030 2890 impe·
1046 2830 1048 2836 ·
1063 2803 1218 2887 princeps
1239 2801 1400 2876 Palladis,
1423 2801 1482 2864 sed
1512 2802 1610 2864 etiem
1637 2801 1752 2865 modus
1779 2803 1828 2862 in·

263 2907 363 2966 rantis
396 2903 552 2980 saeculis,
589 2905 718 2990 qnando
758 2917 845 2969 artes
882 2906 1027 2971 nondum
1065 2902 1267 2986 scriptionis,
1318 2901 1462 2980 tridens,
1506 2919 1540 2967 et
1582 2923 1828 2985 monogramma

263 3006 362 3090 plane
394 2993 559 3088 collapsae
588 3003 702 3082 icere,
742 3006 819 3068 setis
854 3009 1027 3072 commodo
1064 3005 1200 3066 eandem
1224 3005 1257 3064 in
1279 3005 1343 3068 hoo
1366 3025 1496 3090 quoqne
1524 3027 1624 3070 nomo
1656 3007 1827 3069 stationem

262 3107 663 3188 discessisti-„deinceps
692 3125 773 3170 tero
797 3107 852 3171 rix
885 3107 1029 3176 discerni
1065 3125 1234 3190 occupans.
1288 3107 1325 3166 ln
1354 3108 1461 3170 nemis
1493 3108 1681 3190 Lysimachi
1710 3107 1828 3172 eodem
1932 3155 1934 3160 ι

261 3220 388 3293 potest,
411 3206 474 3269 nisi
488 3227 560 3270 cnm
576 3227 678 3270 annus
697 3205 844 3292 epochae
864 3213 1029 3294 suppetias
1065 3204 1158 3282 loco,
1202 3207 1413 3272 observamus
1454 3211 1560 3274 varias
1596 3205 1725 3286 literas,
1761 3211 1831 3292 ple·

263 3311 364 3386 venit,
389 3329 461 3371 nam
477 3309 851 3392 imperatoromnemino
868 3308 1030 3395 adscripta
1066 3302 1307 3390 rumqueBT.
1338 3306 1449 3377 ΚΑΛ,
1485 3307 1545 3374 ΙΣ.
1582 3309 1673 3386 TO„
1712 3309 1828 3392 quibus

260 3423 441 3481 postcunt,
465 3409 522 3470 III,
543 3409 632 3493 quod
653 3431 769 3472 numos
795 3431 910 3474 eorum
929 3411 1031 3474 habe.
1067 3407 1247 3470 Vet'lelmile
1284 3409 1423 3473 ailina!
1454 3410 1593 3474 indicari
1625 3416 1828 3492 BJWMHM,

263 3533 335 3573 ntus
359 3531 495 3584 aureos,
522 3525 730 3592 argenteos,
757 3527 792 3574 et
824 3531 963 3587 aeneos,
995 3527 1029 3576 et
1068 3477 1312 3582 Cialdedonerm
1341 3514 1475 3588 Istrum,
1515 3518 1680 3592 Tops'rum,
1713 3511 1830 3596 quibus

262 3629 380 3674 aereos
399 3609 527 3693 quidem
546 3629 664 3693 magno
680 3631 834 3689 numero,
857 3627 892 3676 et
908 3614 1028 3677 exsuci
1066 3609 1098 3668 in
1116 3609 1244 3691 oppidis
1262 3608 1415 3673 blectent
1428 3613 1605 3676 numicusi.
1648 3613 1701 3675 Ex
1716 3613 1830 3677 endem

265 3731 409 3795 genere,
423 3733 426 3747 ·
440 3711 526 3794 qnod
550 3713 710 3774 electrum
738 3713 852 3777 dixere
883 3727 1025 3792 veteres,
1064 3729 1146 3792 ergo
1162 3711 1237 3791 lege
1260 3731 1296 3770 rc
1322 3708 1465 3774 HANT.
1487 3712 1594 3787 nomi,
1612 3709 1737 3798 dequo
1764 3715 1832 3798 sgi-

262 3809 402 3874 admixta
419 3833 537 3898 nempe
554 3813 684 3899 urgenti
700 3815 869 3895 portione,
887 3805 939 3880 xde
961 3837 1026 3902 que
1066 3829 1156 3883 mue,
1184 3809 1340 3874 indicabit
1364 3819 1633 3892 Panticapaeum.
1665 3835 1747 3899 qm
1771 3815 1834 3878 filii

261 3913 390 3996 egimus
408 3911 495 3974 alibi.
558 3915 570 3972 '.
1065 3909 1207 3990 Bospori
1236 3913 1397 3994 Europaei
1419 3913 1496 3976 orbs
1523 3915 1707 4000 praecipua.
1730 3959 1743 3968 ,.
1759 3917 1834 3979 Ple·
1873 3977 1875 3980 .

296 4014 446 4076 *Primam
461 4035 577 4099 regum
597 4015 733 4098 stirpem
750 4015 852 4080 inisse
867 4016 1030 4080 Archnea·
1066 4033 1105 4072 ne
1134 4012 1215 4076 bevo
1253 4033 1326 4074 cum
1366 4028 1494 4078 monete
1532 4015 1719 4098 Lytimechl
1756 4039 1832 4082 ⁰⁰11·
1898 4077 1904 4090 .

235 4115 488 4191 =nactidarom',
520 4115 631 4178 docet
669 4115 835 4180 Diodorus
881 4118 1029 4196 Siculos,
1066 4113 1177 4174 eos-dia
1202 4112 1350 4178 dubitare
1374 4137 1437 4178 non
1461 4117 1554 4192 sinit,
1584 4095 1687 4182 inisse
1710 4135 1832 4185 certam

261 4233 345 4298 quac
376 4215 486 4301 coepit
518 4217 559 4284 V·
590 4216 627 4282 C.
658 4219 730 4294 st7.
759 4233 794 4282 et
815 4217 935 4304 desivit
956 4221 1028 4305 doc).
1067 4213 1226 4296 aliquane
1248 4233 1398 4291 cansam,
1435 4239 1496 4283 cur
1531 4223 1835 4304 rerBosporanus

263 4316 418 4391 Alterius,
441 4335 524 4403 qaae
548 4319 717 4394 suecessit,
740 4331 837 4403 'capot
857 4319 919 4384 init
936 4323 1032 4406 Spar·
1050 4369 1052 4376 ,
1068 4333 1234 4380 monetam
1252 4339 1342 4380 soem
1363 4340 1436 4383 cum
1463 4335 1596 4385 moneta
1620 4323 1720 4390 vicini
1744 4325 1849 4408 regie--

260 4429 351 4480 tscos
367 4421 393 4482 1.
435 4413 532 4480 Hanc
558 4419 777 4502 post·aliqaot
800 4439 842 4482 ex
868 4431 907 4486 e‘a
933 4433 1031 4506 gente
1070 4433 1133 4480 tam
1163 4421 1287 4482 exacte
1309 4419 1542 4489 conformaret.
1591 4423 1726 4486 Constat
1756 4444 1834 4488 reso

259 4517 445 4601 principes,
474 4539 556 4604 qnos
580 4517 656 4584 vide
688 4519 772 4603 apnd
809 4521 857 4584 Cl.
892 4523 1031 4586 Ennium
1069 4519 1189 4592 etism.
1217 4535 1400 4604 postremos
1431 4523 1486 4586 Xl.
1519 4515 1702 4588 Poeniendis
1735 4546 1837 4590 annos

264 4623 394 4702 excepit
471 4639 474 4646 ·
533 4629 539 4641 '
625 4676 627 4680 .
733 4619 735 4624 ’
915 4610 917 4618 ’
1068 4621 1437 4707 incideseintompora
1460 4624 1656 4708 Lysimachi.
1708 4635 1839 4698 e'ouoie·

298 4727 387 4800 (Vol.
412 4727 476 4803 11.)
1573 4735 1638 4795 zat
