4232 5488
290 509 361 652 esc
661 507 1293 632 ‘ACHA1A.

296 739 456 823 positum,
479 747 515 797 ut
530 727 816 813 monogrammum
832 748 951 792 nomeu
970 749 1064 790 suum
1102 727 1179 804 hes,
1208 749 1291 812 quae
1314 747 1371 804 eos
1395 727 1616 808 signaverunt.
1652 726 1776 790 Harum
1799 749 1871 792 cer·

297 845 332 905 iu
371 849 503 903 moneta
544 833 745 907 indicarent,
776 829 864 914 qood
901 827 1066 892 docebunt
1102 845 1167 894 tam
1205 830 1364 904 habemus
1396 829 1536 914 Aegium
1566 846 1629 912 per
1658 848 1778 894 nomeu
1808 831 1872 894 Al·

296 955 429 1030 praeter
467 935 616 999 Achaeos
659 930 755 996 etiam
792 935 927 1005 Patrae,
967 935 1066 992 Arca·
1100 927 1266 996 PlGlth.
1289 933 1397 997 Etiam
1416 951 1451 990 το
1472 929 1596 1014 ῼΟΡ.,
1619 931 1707 1014 quud
1726 931 1870 996 iusser-

299 1045 375 1118 des,
412 1039 593 1121 Epidaurus
632 1047 696 1098 etc.
738 1035 774 1094 lu
811 1031 972 1116 aliquibus
1001 1029 1067 1112 pri·
1102 1055 1138 1096 ss
1163 1033 1263 1098 offert
1290 1053 1407 1098 numus
1438 1033 1656 1114 Haymianus,
1694 1033 1868 1104 commode

297 1166 386 1206 mum
423 1141 530 1223 gentis
558 1139 758 1201 elementum
793 1130 949 1198 sufficere
979 1131 1068 1199 vide·
1096 1137 1296 1200 Corinthum
1329 1147 1430 1200 notat.
1468 1131 1675 1197 Observandi
1697 1135 1735 1196 iu
1762 1135 1870 1200 uumis

297 1245 415 1318 batur,
439 1257 474 1304 ut
499 1241 532 1302 iu
548 1238 656 1313 Eleis,
686 1252 719 1298 et
743 1235 893 1316 Argivis,
916 1231 974 1319 qui
997 1252 1067 1294 snos
1102 1236 1171 1314 his,
1211 1237 1266 1320 qui
1296 1251 1442 1300 remotae
1466 1233 1665 1320 antiquitatis
1689 1251 1782 1300 certe
1805 1249 1872 1302 non

298 1358 390 1409 extra
420 1355 583 1406 monetam
612 1359 742 1424 quoqne
765 1338 881 1412 valuit3
913 1355 987 1396 nam
1017 1321 1069 1396 re·
1102 1353 1194 1414 suut,
1228 1339 1379 1402 nonnulli
1406 1337 1580 1402 archaismi
1601 1337 1739 1400 retentis
1764 1337 1871 1402 literis

300 1451 366 1513 fert
388 1445 573 1526 Xenophon
590 1445 638 1521 ¹),
662 1441 832 1522 Sicyonios
852 1437 982 1520 clypcis
1001 1434 1067 1496 suis
1102 1441 1130 1502 F
1152 1457 1186 1506 et
1214 1439 1239 1524 ῼ
1265 1431 1300 1504 in
1320 1441 1448 1507 ANFA.
1471 1455 1504 1504 et
1531 1437 1634 1522 ῨΟΡ.

298 1549 480 1614 inscribere
505 1545 620 1607 solitos
645 1543 773 1606 literam
798 1535 1004 1622 2'‚Argisos
1022 1536 1066 1612 A,
1147 1545 1292 1610 Aureum
1322 1544 1374 1606 hi,
1400 1543 1542 1608 similam
1566 1559 1609 1604 οι
1646 1558 1760 1602 munao
1792 1543 1872 1604 (330.

299 1647 578 1716 Lacedaemonios
615 1638 661 1708 A.
706 1643 746 1702 ht
785 1643 889 1705 multo
924 1639 1070 1723 implica·
1105 1665 1199 1708 sareo
1231 1643 1334 1708 edidit
1358 1637 1634 1722 Frouttrhiuab)‚
1672 1641 1731 1706 sed
1762 1661 1871 1726 quem,

300 1753 366 1814 tior
401 1747 484 1810 ratio
534 1748 704 1810 literarum
742 1759 777 1807 et
811 1759 1070 1826 monogramma·
1105 1761 1141 1812 ut
1164 1746 1286 1832 ,perfia
1310 1744 1440 1810 indicii,
1463 1748 1632 1831 spurium,
1670 1742 1757 1808 inter
1781 1741 1873 1806 adul.

300 1868 388 1926 tum,
424 1847 541 1931 quibua
577 1861 711 1930 praeter
739 1845 894 1930 princeps
924 1841 1070 1905 Achaeo·
1105 1851 1229 1915 terinos
1246 1847 1388 1930 seposui.

301 1974 375 2014 rum
399 1948 771 2032 monogrammnhorurn
794 1963 1070 2008 numurumaver·

237 2071 241 2079 ’
304 2074 338 2116 sa
359 2063 523 2114 oneratur.
552 2051 680 2112 Horum
705 2047 881 2132 explicatio
900 2067 974 2110 cum
996 2046 1071 2107 hac·
1420 2097 1438 2132 q
1481 2051 1498 2087 ⁴¹
1540 2093 1560 2132 4

303 2170 399 2216 tenus
439 2147 626 2236 antiquariis
666 2149 799 2211 minime
837 2149 988 2210 tentanda
1027 2148 1073 2210 vi·
1125 2153 1137 2178 Χ

304 2253 457 2329 deretur,
494 2265 565 2318 erat
601 2248 765 2336 Sigfridus
814 2254 980 2331 Ruperat,
1016 2247 1073 2333 qui
1152 2255 1252 2332 Capul
1274 2255 1378 2316 alonis.
1401 2244 1424 2306 t
1449 2248 1653 2319 ΑΧΑΙΩΝ.
1682 2253 1800 2315 Mulier
1820 2271 1874 2312 cu-

304 2376 358 2418 eus
382 2351 495 2417 literas
521 2371 593 2414 esse
619 2370 730 2415 eurum
753 2353 882 2438 urbipm
899 2347 1074 2433 ἆρχαιεσας
1104 2357 1172 2430 pita
1196 2355 1334 2416 letoleto
1358 2363 1448 2414 atussa
1470 2358 1603 2416 deutera
1623 2363 1764 2416 eumaeo.
1802 2353 1872 2415 ΑΕ.

305 2455 493 2520 adfirmaret
520 2453 551 2514 iu
586 2453 721 2538 quibus,
751 2471 901 2538 tanquam
927 2449 1073 2516 foederis
1108 2457 1165 2518 lll.
1187 2451 1378 2536 (Pellerin.)

306 2558 440 2622 Achaici
466 2554 582 2637 sociis,
612 2554 663 2616 illi
692 2567 802 2618 esseut
832 2537 1012 2618 cnai'numi
1030 2551 1074 2628 Υ).
1147 2553 1203 2621 'En
1243 2555 1373 2618 unicum
1413 2548 1538 2640 eertum
1572 2553 1779 2618 Achaeorum
1819 2577 1877 2617 nu·

295 2661 350 2722 xht
376 2659 568 2722 seutentiam
598 2655 681 2720 hanc
713 2654 910 2738 conjecturis
941 2655 1075 2716 omniuo
1112 2679 1199 2722 mum
1238 2675 1393 2731 sancum,
1438 2675 1510 2716 uam
1542 2655 1583 2718 de
1614 2656 1735 2732 altero,
1778 2677 1875 2741 quem

235 2767 237 2774 ⁴
306 2760 459 2832 infirmis,
503 2773 537 2822 et
580 2759 673 2820 nullo
715 2771 810 2840 pacto
853 2755 1076 2840 probabilibus
1111 2758 1310 2822 Pelleriuius
1333 2753 1378 2816 ibi
1402 2755 1506 2831 addit,
1541 2755 1573 2816 in
1596 2776 1661 2840 quo
1684 2762 1783 2840 Capul
1803 2764 1878 2822 Pal·

306 2863 385 2946 uiri,
406 2861 485 2924 alibi
508 2859 632 2942 dixit).
654 2861 747 2942 Ergo
770 2877 836 2919 non
856 2857 1077 2941 pertinuerint
1112 2864 1208 2924 ludis.
1266 2856 1291 2917 ἶ
1330 2859 1357 2946 X
1401 2863 1531 2932 Bata-sss,
1575 2855 1716 2921 dubitari
1758 2875 1877 2942 potest,

307 2969 370 3029 hae
406 2961 580 3026 drachmae
609 2958 649 3022 ad
681 2958 803 3022 dictum
835 2957 976 3022 foedus?
998 2961 1077 3020 Per·
1110 2975 1221 3023 utrum
1252 2961 1317 3024 huc
1346 2960 1525 3050 pertineat,
1562 2974 1595 3022 et
1618 2981 1684 3024 uon
1708 2962 1817 3044 potius
1837 2965 1879 3024 sit

309 3065 483 3139 tinueriut,
519 3081 636 3128 verum
674 3062 738 3146 ipsi
775 3062 865 3124 numi
895 3059 982 3123 istud
1012 3079 1077 3121 uon
1111 3064 1313 3152 Locrorum,
1357 3082 1495 3144 quorum
1535 3063 1628 3124 aenei
1659 3061 1794 3126 eosdem
1824 3064 1880 3128 ha·

310 3161 972 3248 docent,etaspernsmureonJectnras‚
996 3181 1078 3245 quae
1113 3167 1192 3230 bent
1224 3176 1355 3247 typos3·
1379 3163 1457 3247 quin
1489 3175 1523 3226 et
1545 3183 1642 3248 saepe
1674 3185 1881 3247 monogram-

312 3269 435 3330 nnllam
469 3265 601 3329 omuino
637 3263 708 3326 veri
744 3261 887 3346 speciem
910 3262 1079 3346 praebent,
1116 3289 1167 3330 rus
1191 3264 1365 3349 quodpiam
1388 3265 1432 3328 ita
1461 3279 1512 3328 est
1531 3263 1678 3328 nniurhi
1696 3267 1880 3352 proprium,

212 3435 216 3450 ,
310 3375 345 3434 iu
384 3389 518 3454 quarum
555 3383 695 3430 numero
732 3363 829 3428 etism
857 3378 1007 3448 putamus
1044 3368 1082 3430 il·
1117 3381 1153 3432 ut
1175 3381 1284 3430 tamen
1307 3368 1405 3430 etiam
1435 3387 1664 3453 nonuunquam
1688 3367 1723 3429 in
1744 3369 1880 3432 alterius

243 3473 247 3482 ’
313 3477 395 3548 lam,
430 3491 491 3555 qun
520 3489 562 3532 ex
590 3467 695 3532 literis
726 3461 778 3526 ΞΒ
807 3465 839 3526 in
863 3465 961 3527 simili
983 3490 1081 3532 numo
1118 3468 1209 3532 urbis
1233 3480 1364 3530 moneta
1392 3469 1597 3558 observetur.
1636 3469 1691 3532 sic
1716 3468 1750 3530 in
1776 3471 1883 3534 trihus

269 3557 272 3564 ⁴
314 3573 479 3658 expressis
503 3569 649 3656 epochae
673 3559 909 3644 anuumelieit
926 3570 966 3649 ·).
996 3571 1081 3634 Fue·
1118 3573 1337 3654 Tegeatarum
1362 3571 1469 3634 numia
1487 3585 1536 3635 est
1550 3573 1882 3654 monogrammum..

314 3699 352 3742 re
374 3697 457 3760 ergo
482 3673 516 3736 hi
534 3673 626 3736 numi
645 3669 828 3735 communis
849 3670 992 3750 Achaiae
1014 3693 1083 3736 mc·
1118 3659 1206 3760 quod
1226 3671 1396 3755 proprium
1418 3691 1492 3734 esse
1513 3671 1622 3736 Mileti
1641 3673 1745 3748 solet,
1774 3673 1808 3734 in
1833 3695 1882 3736 sr-

315 3793 391 3844 uets
428 3797 468 3840 ea
495 3776 641 3851 ratione,
676 3793 739 3859 qua
776 3785 826 3837 tot
861 3771 916 3834 alii
958 3774 1083 3858 populi,
1118 3786 1239 3858 genten
1282 3771 1489 3837 Achaeorum
1531 3773 1621 3856 apud
1661 3777 1837 3856 Hsymiuus
1853 3777 1883 3858 e)
2011 3825 2014 3832 .

245 3915 252 3940 1
316 3905 379 3948 oeu
405 3875 623 3949 Macedonas,
661 3863 845 3949 Thessali,¹
865 3876 985 3938 Boeoti
1020 3887 1084 3937 eto.
1118 3875 1203 3960 sigla
1218 3869 1403 3956 Tyriorum.
1436 3875 1524 3971 Quid
1547 3874 1635 3961 quod
1659 3875 1748 3940 idem
1773 3896 1885 3940 mono·

319 3997 354 4048 at
385 3981 517 4067 quidem
544 3978 576 4040 iu
606 3975 839 4060 Peloponneso
868 3995 998 4061 quoqne
1025 3978 1085 4040 hr-
1120 3997 1263 4065 gramma
1284 3977 1310 4063 X
1331 3991 1383 4040 est
1410 3975 1443 4038 in
1470 3999 1570 4044 numo
1597 3992 1692 4044 certo
1719 3979 1886 4046 Lacedae·

319 4089 386 4173 givi
429 4095 463 4148 et
502 4077 647 4144 Arcadas
687 4097 892 4144 communem
938 4077 1084 4143 habuere
1120 4081 1226 4144 monis
1248 4081 1353 4144 musei
1374 4080 1538 4146 Caesarei.

318 4197 495 4252 monetam.
538 4185 576 4246 lu
606 4180 807 4267 paucissimis
828 4177 1012 4265 produntur
1033 4201 1087 4246 ns·-
1119 4185 1189 4273 ΑΒ.
1212 4185 1243 4246 ι’.
1265 4185 1338 4248 ΑΕ.
1358 4185 1479 4248 utne.

635 4329 661 4382 lt

433 4505 463 4582 a)
476 4503 551 4562 nisu
566 4501 672 4561 Graec.
688 4503 723 4560 Ι..
738 4499 789 4563 Ν.
876 4503 909 4574 t)
929 4502 1094 4561 Commeat.
1112 4496 1204 4560 Acad.
1218 4501 1339 4579 Petrnp.
1356 4499 1395 4561 Τ.
1409 4495 1444 4560 V.
1463 4515 1496 4575 p·
1517 4507 1583 4563 stt.
1669 4500 1699 4575 ¹)
1720 4499 1810 4566 num.
1824 4515 1889 4564 set.

320 4619 353 4680 p·
370 4605 432 4661 11⁵·
487 4593 550 4666 Ι1)
568 4590 591 4656 l.
606 4609 630 4650 c.
644 4611 677 4671 p·
690 4601 755 4656 dli·
839 4589 871 4664 b)
886 4590 992 4654 cimel·
1004 4589 1137 4656 vindob.
1151 4609 1181 4669 p.
1196 4588 1297 4652 cum.
1385 4589 1416 4662 ο)
1430 4587 1467 4648 Τ.
1481 4587 1522 4652 ΙΙ.
1533 4608 1568 4670 p.
1583 4607 1625 4650 m·
1639 4595 1706 4658 11⁴·
