4282 5502
332 593 404 675 noa
933 585 1287 660 MYSIA.

329 765 479 826 lassant
507 756 596 816 n'umi
621 755 818 837 Pergameni
832 755 1037 830 caracallae,
1061 757 1095 816 in
1129 779 1137 788 ·
1174 757 1325 838 Herculea
1337 765 1427 816 alans
1444 759 1473 820 d.
1492 757 1627 828 clauom,
1644 777 1671 818 a.
1687 776 1807 832 arcun,
1822 777 1894 820 coa·

330 863 447 949 quibus
463 859 514 920 hic
530 855 663 937 lingitur
675 860 852 934 paludatas
867 869 899 917 et
925 877 1018 938 eques
1036 877 1096 934 pu·
1131 859 1300 935 temptatur
1316 857 1458 932 puellum
1495 876 1517 914 a
1545 875 1640 915 cerua
1669 877 1763 934 super
1792 869 1895 919 monta

326 965 498 1045 nificatorlr
524 962 655 1031 halitu,
693 973 747 1016 aut
769 960 873 1031 juata
906 959 1095 1035 Aesculapii
1130 960 1305 1030 lactatum
1328 959 1363 1016 s'n
1378 959 1470 1032 apice
1486 957 1603 1016 arantis
1616 959 1896 1038 apullaespnneis

328 1067 475 1142 ternplum
496 1054 697 1138 sacrificans,
728 1069 783 1114 aut
804 1061 977 1131 imperator
1000 1071 1095 1139 'eques
1131 1061 1214 1132 ulls,
1244 1060 1279 1117 s'n
1297 1060 1516 1148 insolescente,
1544 1055 1726 1119 Commodi.
1758 1059 1827 1122 ΑΕ.
1853 1082 1894 1124 m.

327 1172 493 1235 declarans
516 1163 687 1220 extendens
708 1177 818 1217 uersus
837 1161 1000 1222 mulierem
1025 1169 1093 1218 tur.
1129 1179 1172 1221 ιιι.
1190 1160 1289 1237 (Mus.
1310 1155 1444 1230 Albani,
1468 1169 1500 1216 et
1517 1157 1608 1216 Com.
1621 1157 1755 1234 Vitzai.)
1835 1167 1841 1172 '

306 1269 425 1327 ·rs'tom
439 1266 471 1327 d.
489 1260 676 1335 Aesculapii
688 1261 830 1337 sipillsm
845 1268 1010 1321 tenentem.
1025 1259 1109 1320 AB?
1171 1259 1302 1320 illustre
1326 1258 1416 1320 numi
1434 1255 1530 1336 hujus
1550 1273 1787 1338 argumentum.
1810 1262 1895 1322 Her-

327 1388 372 1429 m.
393 1383 434 1423 ιιι.
453 1359 638 1442 (Vaillant.)
661 1355 822 1430 Nimirum
841 1357 911 1440 ipso
936 1358 1091 1420 valetudi·
1128 1359 1218 1422 cules
1233 1358 1271 1418 ad
1297 1361 1413 1420 Aleum
1439 1361 1571 1441 'l'ogeao
1596 1359 1755 1421 Arcadiae
1779 1380 1893 1444 regern

303 1467 490 1526 'niscatur
514 1462 550 1526 V.
579 1461 616 1518 C.
643 1459 715 1538 968.
750 1461 946 1539 Pergamum
978 1459 1090 1534 adivit,
1128 1459 1293 1522 divertens
1312 1459 1408 1540 hujus
1423 1457 1509 1521 filiae
1525 1461 1619 1538 Auge
1636 1461 1747 1520 vitium
1766 1461 1893 1522 obtulit.

214 1551 221 1562 ’
328 1581 363 1628 ct
394 1567 427 1626 in
452 1561 639 1643 Aesculapii
669 1561 792 1642 templo
828 1562 952 1622 somnia
987 1573 1093 1640 capta·
1127 1561 1225 1622 Pater
1253 1573 1423 1644 comperto
1444 1547 1584 1638 *crimine
1608 1557 1705 1619 filiam
1728 1561 1893 1638 gravidam

327 1670 374 1728 rit
389 1670 441 1742 π),
464 1665 504 1724 de
521 1683 584 1747 quo
613 1665 675 1724 ritu
702 1662 774 1722 ride
793 1661 887 1744 plura
912 1659 997 1741 apud
1022 1661 1093 1721 Ari·
1127 1661 1267 1742 Nauplia
1286 1659 1438 1722 familiari
1455 1660 1552 1724 tradit
1570 1660 1652 1730 mari
1670 1661 1894 1742 mergendum,

327 1765 642 1830 stidemrhetorem.
688 1763 798 1856 Quare
822 1762 950 1824 eximiis
977 1757 1090 1820 urbem
1128 1783 1283 1845 quorsum
1301 1763 1450 1844 prolecta
1470 1761 1588 1824 misera
1605 1782 1666 1844 per
1683 1763 1746 1823 iter
1761 1764 1894 1826 inmon-

327 1867 509 1951 privilegiis
533 1867 676 1939 ornavit¹
701 1867 742 1926 do
769 1863 886 1946 quibua
911 1861 984 1924 vida
1007 1861 1091 1932 inira
1128 1864 1351 1926 tePat·thenin
1369 1863 1546 1924 masculum
1566 1863 1722 1924 infantem
1747 1865 1894 1936 enititur,

324 1971 358 2032 in
376 1973 497 2034 Prima.
783 2025 785 2032 ,
1109 2009 1111 2016 .
1128 1985 1225 2049 quem
1241 1965 1286 2026 ibi
1301 1967 1405 2027 solam
1421 1965 1572 2028 relietum
1596 1965 1772 2026 adcurrens
1797 1985 1896 2031 certa

314 2053 316 2056 .
368 2053 478 2150 Hpqs'u
493 2081 525 2131 el
543 2069 764 2144 Telesphorus,
790 2062 974 2145 Aesculapii
993 2063 1093 2124 eomi-
1128 2066 1213 2126 lactc
1242 2068 1397 2142 nutrivit,
1436 2087 1500 2147 quo
1533 2064 1685 2148 prodigia
1716 2083 1894 2150 conspeetu

325 2185 393 2245 tes,
421 2181 559 2250 propter
584 2167 666 2228 hanc
691 2167 792 2250 ipsam
819 2185 946 2226 causam
972 2165 1092 2246 Perga·
1128 2180 1276 2247 pastores
1292 2187 1429 2246 puerum
1446 2181 1614 2249 acceptum
1633 2167 1673 2226 ad
1690 2185 1805 2248 regem
1832 2169 1895 2230 Co·

326 2273 371 2332 mi
388 2291 503 2330 numus
520 2268 711 2349 frequenter
729 2279 980 2348 occupaverunt.
1012 2267 1092 2326 Nar·
1127 2267 1257 2346 rythum
1273 2267 1399 2342 tulere,
1423 2271 1477 2352 qui
1494 2289 1598 2350 puero
1624 2266 1683 2326 lilii
1710 2268 1811 2331 instar
1835 2269 1893 2330 ha-

323 2369 605 2445 ratmanno),
637 2368 889 2429 Erumerionem
915 2387 939 2427 a⁴
970 2366 1090 2447 Perga·
1126 2365 1196 2430 bito
1222 2368 1425 2447 educataque
1449 2367 1490 2430 ab
1519 2380 1640 2430 eventu
1675 2371 1802 2446 Telephi
1837 2389 1895 2430 no·

324 2470 431 2533 menis
458 2489 498 2531 ex
523 2468 662 2552 quodam
686 2470 821 2532 oraculo
848 2467 1089 2551 Telesphorum
1127 2488 1222 2541 men,
1260 2465 1317 2528 aina
1349 2489 1404 2540 aar
1433 2479 1584 2547 τριφισης
1612 2466 1727 2544 ineps,
1763 2467 1891 2534 indidit.
1972 2498 1975 2504 ·

328 2571 451 2634 vocari.
1124 2567 1262 2634 Interim
1308 2583 1413 2630 mater
1456 2591 1474 2629 a
1516 2569 1652 2632 Caribus
1698 2569 1894 2653 peregrinis,

235 2687 239 2694 '
363 2671 578 2754 Aesculapius
600 2689 699 2753 saepe
728 2669 924 2752 proponitur
953 2692 972 2733 a
1003 2669 1091 2731 Cen·
1127 2669 1245 2752 quibus
1281 2689 1352 2730 eam
1386 2668 1533 2733 vendidit
1567 2667 1744 2752 Nauplius,
1786 2669 1893 2733 delata

322 2771 664 2838 tautisdaducltisvel
687 2772 930 2851 sustentatust’)
960 2771 1013 2833 vol
1036 2791 1089 2830 ve·
1124 2769 1158 2828 in
1194 2766 1328 2848 Mysiam
1358 2767 1411 2834 ab
1448 2768 1518 2848 ejus
1560 2789 1641 2853 rego
1686 2769 1890 2835 'l'eutbrante

323 2889 412 2940 ctus.
436 2871 476 2932 de
492 2895 558 2954 que
576 2887 653 2952 typo
675 2871 749 2931 vida
765 2873 951 2954 Spanbemii
969 2873 1091 2955 episto·
1116 2855 1210 2930 ''uxor
1225 2866 1426 2933 adsciscitur.
1471 2871 1639 2954 Telephus
1655 2869 1784 2934 adultus
1803 2888 1838 2934 et
1851 2873 1892 2935 sb

316 2973 438 3042 lumin
455 2974 643 3054 specimine
670 2973 816 3032 Mnrellii
840 2993 871 3055 p.
890 2975 963 3038 225.
985 2989 1020 3036 et
1046 2972 1088 3036 de
1126 2969 1260 3034 oraculo
1293 2971 1404 3032 matris
1443 2968 1562 3033 lactum
1593 2972 1747 3048 edoctus,
1777 2974 1894 3057 ,prola-

303 3077 448 3145 ·Praest.
467 3093 553 3136 num.
572 3074 611 3135 Τ.
630 3073 653 3133 l.
671 3095 700 3153 p.
718 3074 791 3137 oda.
1126 3086 1264 3153 utusque
1279 3071 1312 3130 in
1330 3072 1463 3152 Mysiam
1480 3073 1519 3134 ab
1535 3073 1606 3156 ejus
1621 3075 1893 3156 regeTeutbran·

428 3179 432 3192 '
694 3226 713 3265 ⁴
1127 3172 1357 3254 teadoptatur,
1380 3173 1759 3254 erint-egrrosucoedit.
1800 3181 1891 3242 Haec

631 3269 653 3309 ⁶
717 3287 720 3294 '
755 3273 774 3310 ⁶
858 3313 860 3322 .
1125 3271 1291 3334 Diodorus
1307 3275 1351 3353 q),
1370 3271 1612 3354 Appollodorus
1628 3281 1667 3356 r)‚
1683 3277 1831 3360 Hyginus
1852 3281 1891 3360 ἢ,

365 3371 514 3432 Herculis
544 3385 673 3448 quoque
703 3366 850 3441 labores,
887 3380 942 3430 aut
962 3369 999 3429 si
1027 3389 1089 3451 qua
1126 3372 1299 3433 Pausanias
1320 3373 1357 3454 ἲ),
1373 3375 1577 3452 Taetzesu).
1604 3379 1644 3439 Et
1661 3397 1741 3440 vero
1765 3379 1806 3442 ab
1827 3379 1890 3444 hoc

321 3469 385 3532 atta
411 3469 452 3530 ad
477 3487 550 3528 sum
579 3468 761 3548 pertinent,
797 3469 831 3529 in
856 3471 1008 3552 Pergami
1033 3492 1088 3529 nu·
1126 3473 1277 3556 Telepho
1308 3471 1447 3556 primum
1485 3473 1680 3558 Pergamum
1717 3478 1890 3543 deductam

322 3571 383 3630 mis
399 3587 496 3653 saepe
515 3579 752 3652 proponuntur.
796 3569 998 3654 insigniores
1019 3571 1107 3662 typi:
1125 3574 1287 3636 coloniam
1311 3591 1351 3633 ex
1378 3573 1558 3636 Arcadibus
1586 3577 1761 3644 conflatam
1787 3579 1893 3644 oredi-

324 3683 418 3732 sunta
582 3728 585 3738 ,
1005 3681 1008 3686 ’
1124 3687 1192 3735 tum
1209 3673 1520 3754 Pergamenisteste
1538 3676 1685 3742 Aristide
1700 3683 1743 3760 ¹).
1777 3679 1889 3773 Quare

299 3791 306 3802 ·
365 3775 518 3834 Hercules
545 3789 657 3846 aprum
691 3771 934 3848 Erymanthium
955 3781 1087 3850 pestana
1124 3775 1174 3836 itti
1195 3787 1345 3856 tanquam
1367 3773 1461 3838 heroi
1482 3777 1575 3858 apud
1603 3783 1800 3865 Pergamum
1835 3783 1890 3846 de-

322 3875 498 3953 llorpallteo
516 3889 589 3949 repe
607 3891 687 3950 prae
707 3881 791 3932 melo
815 3875 851 3932 s'n
872 3877 993 3956 duliam
1012 3895 1087 3952 pro·
1121 3875 1240 3938 cantati
1256 3875 1382 3958 hymni,
1405 3889 1439 3938 et
1460 3895 1550 3941 sacra
1566 3879 1698 3964 publico
1724 3881 1830 3959 facta,
1854 3897 1890 3947 ut

314 3977 410 4056 supa.
434 3973 472 4036 L.
490 3971 580 4038 Veri.
599 3971 666 4036 ΔΕ.
684 3991 726 4032 m.
739 3987 792 4040 m.
806 3975 908 4052 (Mus.
928 3975 1036 4052 Caes.)
1125 3975 1223 4038 docet
1245 3977 1400 4040 Pausania
1416 3977 1460 4055 l).

364 4071 456 4134 {dem
472 4073 1088 4156 argumentumjamdadimusexnumo
1166 4077 1243 4140 Fuit
1261 4077 1341 4140 haec
1364 4073 1474 4138 fabula
1496 4099 1564 4142 non
1582 4099 1657 4144 raro
1680 4103 1697 4144 a
1723 4083 1889 4147 veteribus

295 4243 298 4248 ,
322 4172 472 4235 Perinthi
485 4174 659 4241 Thraciae.
932 4183 941 4197 “
1123 4175 1156 4238 iu
1170 4179 1248 4240 artis
1265 4180 1435 4240 materiem
1450 4178 1549 4245 lecta.
1576 4167 1661 4266 Ejus
1679 4184 1889 4256 simulacrum

274 4354 277 4362 ,
312 4317 1887 4358 ’Ἢ

433 4385 463 4460 ¹³)
483 4385 642 4446 Herodian.
661 4387 691 4444 in
711 4389 810 4450 Carae.
862 4385 1105 4461 0)1..11.c.tt.
1162 4394 1194 4463 P)
1214 4385 1312 4471 Begerss
1333 4395 1421 4453 Thes.
1440 4397 1487 4454 Br.
1508 4395 1542 4453 T.
1561 4395 1611 4454 Ill.
1631 4417 1662 4474 p.
1683 4410 1743 4462 ¹³5.
1803 4405 1886 4474 ‘llb-

319 4477 374 4538 IV.
394 4492 420 4532 c.
441 4483 486 4536 33·
581 4477 608 4546 ¹)
628 4479 657 4534 L.
677 4477 712 4536 ΙΙ.
733 4497 760 4540 c.
777 4483 804 4541 4.
823 4479 848 4547 §-
864 4489 890 4540 7.
909 4491 939 4538 et
959 4477 990 4536 L.
1013 4479 1063 4536 111.
1083 4501 1107 4538 c.
1127 4489 1152 4544 9.
1172 4485 1198 4554 ἓ.
1214 4495 1239 4547 1·
1333 4483 1356 4557 ⁸)
1376 4483 1448 4542 Fab.
1467 4493 1513 4550 99.
1609 4487 1886 4558 t)L.V111,c,43.

309 4561 725 4670 .s).tdbyaoph1·.v.2oc.
795 4569 827 4641 ¹)
847 4566 929 4628 Orat.
949 4569 985 4631 T.
1004 4569 1026 4628 1.
1045 4589 1075 4646 p.
1096 4579 1158 4632 520·
1227 4573 1260 4644 y)
1280 4575 1312 4632 L.
1330 4573 1381 4635 111.
1401 4591 1426 4635 c.
1444 4582 1490 4639 26.
1504 4576 1570 4638 sub.
1585 4573 1637 4634 fin·
1652 4590 1682 4638 et
1694 4579 1726 4639 1..
1737 4577 1773 4642 V·
1792 4599 1819 4644 c.
1838 4591 1886 4646 13.
