4296 5494
747 589 1243 712 Mac-snottrs.
1484 599 1566 711 ’.·
1730 605 1797 714 u'

259 809 405 871 Coloniae
419 817 543 868 tantum
560 807 693 870 nornine
710 823 838 874 exstant
855 809 977 873 numia
1013 805 1140 890 aliquot
1161 805 1344 871 intervallis
1368 802 1521 889 proprios
1543 802 1658 867 babuit
1680 821 1779 889 reges

212 907 754 992 'l'sujauousqueadSaloninana=
930 977 932 984 ¹
1013 909 1192 994 plerosque
1228 907 1334 972 dictos
1364 905 1532 991 Abgaros3
1575 923 1642 966 non
1676 905 1780 988 igitur

258 1011 457 1090 &pipo-opiter
497 1006 595 1072 cot.
626 1012 713 1076 1v12.
734 1009 835 1080 AVG.
856 1011 978 1076 DIEN·
1013 1011 1138 1074 interea
1162 1008 1321 1094 temporis
1345 1007 1506 1072 credibile
1530 1019 1596 1082 est,
1631 1025 1703 1070 eam
1725 1027 1780 1070 nr·

212 1109 284 1171 sis,
305 1109 346 1170 D.
363 1109 406 1173 D.
427 1109 499 1172 vel:
522 1109 621 1172 cot.
648 1113 732 1180 tvt.
753 1101 977 1182 meretvr,
1014 1113 1090 1174 bem
1120 1125 1284 1173 monetam
1316 1129 1390 1172 cum
1424 1109 1633 1192 imperatoris
1671 1108 1777 1193 eapite

213 1207 258 1272 D·
282 1208 323 1274 D·
348 1209 491 1278 Videtur
516 1211 598 1292 adeo
625 1235 641 1274 a
666 1217 698 1278 J.
721 1217 860 1278 Caesare
878 1213 977 1278 dedu·
1014 1216 1171 1300 signasse.
1198 1213 1240 1274 lis
1263 1211 1366 1294 pulsis
1381 1209 1507 1273 Edessa
1526 1207 1667 1272 deducta
1688 1209 1778 1309 celo·

210 1321 282 1384 cta,
303 1311 377 1394 quis
399 1310 432 1370 in
457 1316 623 1376 nonnullis
638 1337 673 1376 ro
688 1317 789 1383 AVG.
806 1317 978 1402 supprimi·
1014 1317 1083 1392 uia,
1112 1337 1150 1378 ac
1177 1327 1243 1376 tum
1269 1333 1305 1375 se
1332 1313 1494 1375 colonium
1517 1311 1550 1372 in
1575 1309 1682 1374 numia
1704 1311 1778 1374 lere

208 1426 287 1486 tur,
309 1414 368 1475 sed
386 1429 479 1477 aucta
498 1415 537 1476 ab
555 1419 716 1502 Augusto.
817 1499 819 1504 Α
1014 1429 1202 1481 constanter
1223 1413 1410 1499 appellavit.
1432 1413 1538 1506 'Hapc
1559 1411 1623 1496 jam
1649 1411 1778 1496 pridem

258 1519 362 1594 typus
380 1519 506 1598 potior:
528 1523 640 1582 Pallas
656 1531 755 1583 stone.
1015 1517 1114 1595 vidit,
1137 1510 1314 1602 docuitque
1329 1513 1478 1578 eruditus
1494 1517 1641 1597 Bayeraa
1656 1509 1701 1597 d).

255 1620 324 1678 Ate.
346 1618 385 1677 tt.
610 1627 616 1632 ’
1054 1623 1126 1684 Ac.
1148 1623 1186 1685 tt.

452 1780 481 1838 n
502 1779 531 1836 n
552 1780 583 1838 n
603 1779 631 1840 s
652 1779 680 1840 s
699 1780 742 1840 A.
1121 1761 1406 1866 nanneten
1441 1775 1681 1838 emrtuos.

252 1913 413 1974 Perretus
436 1907 646 1974 Macedoniae
670 1911 768 1990 urbs,
786 1913 877 1998 ¹dicta
904 1915 978 1979 sub·
1054 1913 1250 1973 Autonomos
1266 1910 1347 1973 duos
1361 1909 1505 1994 insignes
1520 1906 1778 1976 tetradraohmos
1803 1903 1804 1908 ’

210 2011 288 2074 inde
309 2019 438 2095 Aeque,
470 2033 548 2096 quas
571 2011 666 2090 ride,
704 2017 912 2081 resuscitavit
933 2033 980 2087 te·
1015 2010 1120 2073 edidit
1137 2009 1335 2074 Pellerinins
1352 2009 1450 2092 (Rae.
1468 2010 1649 2093 1.p.1ta)=

211 2130 288 2173 men
317 2131 437 2176 nomen
467 2115 664 2198 pristinum,
696 2129 730 2178 et
752 2117 870 2200 signati
892 2136 981 2180 eorn-
1059 2114 1160 2190 eaput
1182 2115 1340 2177 Palladis.
1380 2105 1779 2186 ΞΗΡΑΚΛΕΩἰίῺΝἱ
1895 2137 1899 2142 ·
1944 2059 1959 2072 ’Δ
2006 2079 2011 2084 ¹

211 2213 325 2295 plures
887 2247 892 2257 ·
1017 2215 1132 2288 Clare,
1155 2216 1190 2275 in
1214 2233 1293 2275 areu
1310 2217 1454 2277 Victoria
1471 2217 1600 2288 uolans,
1622 2223 1655 2275 et
1672 2231 1782 2274 mono·

319 2317 321 2328 ’
1010 2324 1211 2396 prummata,
1234 2319 1343 2376 omnio
1358 2317 1445 2376 intro
1459 2316 1620 2398 quamam.
1641 2313 1711 2376 stt.
1733 2313 1759 2374 1.

1055 2417 1100 2484 Vt
1123 2435 1184 2497 per
1204 2413 1360 2478 fabricam
1388 2427 1423 2475 et
1444 2428 1556 2498 typum
1578 2433 1712 2478 aversae
1734 2412 1780 2476 fa·
1808 2462 1810 2473 .

251 2508 293 2570 eb
321 2511 472 2595 Augusto
503 2519 606 2596 usqua
636 2514 676 2576 ad
707 2513 977 2599 Tranquillinsm.
1014 2513 1078 2576 cile
1107 2515 1170 2578 hos
1208 2536 1324 2579 numos
1351 2515 1583 2578 Macedonicos
1620 2527 1779 2606 putpmus,

192 2609 355 2704 'Leptam
379 2614 570 2690 Pellerinii,
614 2614 670 2700 qui
699 2635 834 2678 nuruum
862 2615 979 2678 inseri·
1015 2617 1063 2678 sic
1101 2615 1266 2679 dubitatur
1303 2630 1429 2692 tamen,
1480 2617 1630 2702 quoniam
1665 2616 1779 2700 plures

210 2723 320 2793 ptum:
341 2707 580 2776 ΣΕΒᾹΣΤΗ.
602 2709 900 2791 ΕΔΕΣΣΑΙΩΝ,
923 2716 979 2778 Ja·
1005 2715 1109 2782 'luere
1131 2718 1164 2780 iu
1188 2716 1379 2782 Macedonia
1403 2719 1606 2794 Heracleae,
1637 2720 1701 2781 utri
1726 2718 1782 2782 ba·

212 2812 277 2875 lise
300 2816 441 2896 Augusti
465 2815 505 2881 F.
534 2816 665 2892 tribuit,
685 2815 913 2880 ¹iudicabimus
944 2817 979 2890 in
1014 2840 1088 2880 rum
1105 2821 1170 2882 sint
1184 2819 1360 2884 tribuendi.
1382 2818 1581 2884 Petierinius
1599 2837 1669 2883 eam
1687 2839 1779 2903 prae·

212 2916 319 2977 numia
341 2916 438 2999 hujus
459 2916 577 2982 Julise.
1013 2916 1098 2997 fert,
1121 2939 1204 3005 quae
1229 2918 1292 2984 fuit
1314 2921 1347 2982 in
1371 2917 1586 3000 Lyncestide‚
1615 2921 1778 3006 quoniam,

250 3021 455 3101 Epiyruplse:
477 3011 775 3085 ΕΔΕΣΣΑῙΩΝ.
801 3024 906 3100 ippone
927 3039 979 3082 tc·
1013 3035 1050 3084 ut
1072 3021 1131 3096 ait,
1163 3022 1299 3106 reliquis
1325 3021 1388 3084 suit
1418 3021 1634 3098 celebratior,
1670 3035 1704 3084 et
1730 3041 1779 3085 se·

203 3116 306 3210 ⁴litas:
328 3123 432 3182 Romu
457 3125 571 3198 spoliis
593 3123 735 3184 insidens
762 3131 978 3184 coronatura
1013 3121 1153 3185 candum
1188 3125 1413 3188 Ptolemaeum
1443 3137 1540 3206 caput
1561 3122 1780 3205 layncestidia:

207 3225 341 3284 muliere
366 3229 451 3283 retro
474 3232 596 3299 stante,
627 3243 653 3286 a.
681 3241 780 3285 corsus
798 3227 912 3302 copias
933 3233 978 3287 to·
1012 3225 1055 3286 At
1070 3223 1170 3286 luerit
1191 3223 1277 3288 istud
1292 3223 1474 3290 Ptolemaei
1493 3243 1594 3300 aevo,
1617 3225 1675 3288 illa
1689 3237 1781 3288 certe

484 2378 690 2452 imperatorii

207 3333 311 3386 mute·
371 3324 373 3336 ⁴
946 3335 951 3342 '
1014 3339 1136 3402 aetate,
1166 3327 1339 3410 quanumi
1364 3325 1398 3389 hi
1420 3327 1538 3411 signati
1561 3340 1655 3402 sunt,
1684 3325 1779 3391 vixe
1873 3365 1875 3376 =
1920 3331 1926 3340 '

250 3421 437 3506 Antiquarii
473 3423 672 3488 vetustiores
704 3441 821 3486 numos
854 3424 902 3488 sic
931 3423 978 3485 in·
1013 3423 1181 3490 veteribus
1202 3443 1411 3492 memoretur.
1442 3427 1578 3490 Mallem
1594 3427 1696 3512 igitur
1714 3427 1780 3492 He·

211 3524 355 3610 scriptas
368 3527 490 3589 misere
505 3523 698 3594 confudere.
719 3526 978 3591 Harduinuabes
1013 3528 1173 3604 racleam,
1210 3549 1293 3614 qaae
1327 3529 1468 3592 Sinticen
1504 3543 1601 3613 ceput
1628 3527 1708 3603 tuis,
1745 3543 1779 3593 et
1880 3562 1885 3571 =

208 3646 325 3692 omnes
342 3625 458 3690 tribuit
475 3625 896 3713 EdessaeMesopotamias.
918 3627 978 3690 Mi·
1014 3649 1112 3712 seepe
1144 3631 1311 3692 veteribus
1347 3631 1522 3696 nominata.
1564 3630 1779 3714 Praecipitem

205 3728 298 3792 nime
320 3728 466 3792 omnium
497 3728 655 3793 ferendus
680 3730 891 3806 Vaillantius,
921 3729 978 3815 qui
1013 3749 1094 3794 vero
1124 3731 1283 3793 rationem
1308 3745 1403 3816 puto,
1446 3730 1534 3818 quud
1563 3727 1699 3794 eandem
1724 3729 1780 3794 be·

207 3831 408 3915 plerosque,
444 3849 527 3915 quos
563 3831 596 3892 in
633 3832 828 3916 catalogos)
864 3829 978 3895 tribuit
1012 3830 1093 3912 bept
1114 3852 1278 3908 aversam,
1309 3841 1391 3918 quae
1421 3847 1472 3895 est
1500 3833 1531 3893 in
1560 3823 1780 3894 numis'MA·

208 3932 355 3994 Edessae
379 3931 612 4009 Macedoniae,
639 3951 680 4022 eo
705 3931 814 4012 loeo,
833 3952 898 4015 quo
919 3953 980 3996 uu·
1014 3929 1260 4000 ΚΕΔΟΝΩΝ.
1296 3926 1514 3997 ΠΡΩΤΗΣ.
1557 3933 1633 3995 Fuit
1669 3945 1778 3996 autem

208 4054 280 4097 mns
301 4031 393 4116 ipsos
415 4031 587 4111 describit,
623 4032 665 4097 ad
687 4018 843 4098 Edessam
866 4032 977 4116 Syriae
1013 4035 1096 4099 haec
1108 4035 1270 4099 Heraclea
1287 4057 1352 4100 nou
1369 4023 1467 4096 modo
1487 4035 1520 4095 in
1540 4032 1732 4099 Macedonia
1741 4035 1777 4108 1.‚

205 4145 315 4221 voest.
358 4135 491 4198 luteres
519 4133 581 4198 etsi
611 4149 749 4222 utraque
780 4135 859 4199 urbs
887 4155 977 4197 suam
1014 4137 1072 4200 sed
1093 4138 1199 4226 uicina
1223 4139 1321 4200 etiam
1346 4135 1553 4222 Amphipoli,
1592 4136 1625 4198 iu
1648 4157 1710 4221 qus
1732 4133 1779 4196 di·

205 4236 327 4305 habeat
354 4249 537 4314 monetam,
567 4254 707 4326 pronam
729 4252 864 4315 est„ac
886 4235 979 4298 mini·
1015 4252 1086 4302 etos
1117 4239 1334 4302 Macedonum
1362 4258 1479 4325 numos
1510 4238 1654 4322 signatos
1682 4257 1779 4322 supra

209 4358 264 4403 me
289 4335 481 4421 ambignum
504 4335 692 4403 discrimen.
724 4339 845 4403 Edessa
870 4343 976 4404 Meso·
1013 4339 1049 4400 in
1085 4338 1275 4424 Amphipoli
1314 4342 1491 4406 verisimile
1535 4341 1686 4404 diximus.
1728 4338 1779 4402 Ad

207 4441 374 4526 potamiae
398 4458 500 4524 nsque
534 4440 575 4503 sd
607 4441 806 4505 caracallam
838 4439 979 4526 demptis
1014 4439 1312 4508 haecbiscsdonia
1337 4448 1380 4520 1.,
1409 4457 1444 4508 ut
1469 4441 1644 4509 abundavit
1667 4442 1779 4504 metal-

210 4585 1763 4626 Q

323 4653 353 4725 e)
373 4649 462 4710 Num.
482 4649 713 4732 &neap-195.
810 4651 861 4728 ·d)
874 4653 950 4718 Hist.
964 4653 1111 4716 Osrhoen.
1129 4675 1162 4736 p·
1182 4665 1245 4719 122·
1273 4629 1280 4640 ι
