4288 5504
705 565 1290 664 n1Qru'u'N1”n
1511 571 1516 589 '
1711 583 1787 722 ιιι

216 709 352 846 ιιιιιιιοι
387 753 582 838 Lycaoniae.
634 753 685 814 hd
706 773 832 872 'quam
858 779 899 820 ax
936 747 987 820 hia
1063 742 1163 822 Numi
1186 743 1353 819 hactenus
1388 733 1458 820 noti
1494 777 1567 823 cnut
1607 716 1791 856 epigraphe

220 863 364 944 quinque
402 857 609 940 pertineant
625 854 715 916 numi
752 859 798 921 aio
827 849 986 942 inscripti,
1025 859 1250 942 Claudiopolis
1280 855 1424 920 afferunt
1456 856 1563 945 capita
1589 847 1794 945 Vespasiani,

224 959 481 1044 disquirendum.
526 957 630 1046 Quam
652 958 886 1040 quintamtlixi
909 979 990 1020 nun·
1025 959 1219 1031 Domitiani,
1247 958 1424 1036 Hadriani,
1455 973 1488 1021 et
1513 959 1678 1025 Antonini.
1708 965 1792 1026 Har·

224 1083 317 1148 quarn
344 1061 486 1132 exstitit,
509 1057 650 1140 niaiper
672 1051 1004 1141 conjecturam-'nou
1026 1062 1141 1123 duinua
1167 1081 1282 1122 numos
1306 1059 1463 1123 Gordiani
1489 1075 1522 1123 et
1548 1041 1794 1143 Tranquillinae

223 1164 389 1226 nullorum
426 1161 700 1244 antiquariorum,
732 1175 766 1223 ut
803 1161 836 1220 in
868 1161 990 1240 Lyceo·
1026 1185 1099 1227 oum
1137 1162 1317 1246 epigraphe
1352 1153 1793 1222 ΚΛΑΤΔΙΟΠΟΛΙΤΩΝ

224 1267 277 1327 nia
310 1259 531 1346 prohabimus.
575 1259 698 1353 Quarta
736 1259 866 1324 vitietur
906 1259 1007 1357 ultra¹
1027 1263 1190 1348 vulgavit,
1222 1259 1279 1324 aed
1313 1277 1536 1346 praeterquam
1569 1261 1657 1354 quod
1686 1279 1793 1346 neque
1900 1275 1913 1294 ¹·

222 1363 305 1426 iinea
340 1362 430 1424 oriris
466 1360 685 1424 numiamatici
714 1363 829 1444 potita.
880 1359 991 1421 Tertia
1028 1370 1113 1448 typi,
1135 1383 1241 1445 neque
1267 1365 1370 1424 muaei
1396 1365 1593 1426 mentionem
1615 1361 1731 1436 adtlat,
1754 1381 1795 1425 eo
1838 1364 1843 1370 '

225 1465 371 1527 Galatiae
402 1463 429 1523 ai
457 1483 598 1545 unquam
629 1460 709 1537 fuit,
738 1461 891 1544 ignobilia
921 1460 1006 1536 tuit,
1028 1469 1124 1528 etiam
1146 1464 1305 1527 claudicat
1329 1461 1429 1538 fidas,
1453 1462 1541 1549 quod
1570 1463 1646 1525 inde
1669 1463 1709 1525 ab
1731 1465 1797 1528 Ha·

227 1579 260 1626 et
288 1565 345 1626 uni
366 1563 558 1624 Ptolemaeo
585 1575 681 1639 nota,
705 1576 738 1624 ct
759 1561 846 1625 forte
868 1561 907 1624 ab
930 1563 992 1656 hoc
1029 1566 1162 1642 driano,
1192 1577 1228 1624 ut
1258 1586 1335 1627 mox
1366 1566 1565 1639 ridebimus,
1588 1565 1678 1627 urbia
1700 1565 1797 1647 hujna
1853 1625 1858 1630 .

174 1736 183 1754 ,
225 1684 298 1727 cum
327 1665 430 1730 altera
460 1663 632 1744 Bithyniae
661 1663 813 1739 confuta,
848 1677 881 1725 ut
903 1675 993 1744 putat
1029 1667 1119 1728 numi
1137 1665 1250 1727 saltem
1273 1665 1356 1727 certi
1371 1685 1485 1728 ornnes
1502 1665 1797 1748 nomine-Bithynii
1897 1673 1900 1680 ’

227 1766 398 1830 Cellariua.
452 1765 589 1826 Reatant
622 1763 724 1845 igitur
755 1761 837 1824 duae
864 1752 945 1824 aliae
976 1775 1007 1824 a'
1030 1783 1144 1833 vetere
1165 1766 1382 1847 aignatiaunt.

226 1887 279 1929 aaa
302 1868 409 1952 primo
430 1867 507 1928 loeo
528 1863 665 1946 positae.
703 1865 776 1924 Non
799 1862 995 1942 ignoscenda
1073 1853 1285 1932 Nouamuiam
1323 1865 1421 1928 etiam
1462 1866 1641 1932 infeliciter
1668 1865 1798 1932 adserit

226 1969 263 2030 in
283 1967 380 2048 hujua
401 1965 492 2027 urbia
513 1963 996 2030 numiareoeaaantiiaVaillan·
1033 1983 1187 2050 uterque,
1222 1980 1255 2028 at
1289 1967 1419 2050 quidem
1457 1969 1643 2030 Hartiuinua
1670 1988 1712 2032 ex
1741 1973 1802 2031 nu-

228 2068 267 2128 tii
297 2066 482 2141 oscitantia,
517 2085 592 2127 cum
623 2065 717 2140 illua,
747 2087 828 2149 quoa
865 2065 897 2126 in
936 2083 995 2126 auo
1032 2057 1087 2130 nto
1113 2061 1285 2128 Antonini:
1316 2063 1799 2132 Knnvntotionetmtt.

228 2168 430 2229 Graecorum
455 2185 628 2228 nemorum
652 2185 753 2246 opero
778 2189 853 2252 pag.
876 2165 927 2230 23.
945 2165 997 2238 34.
1033 2163 1183 2238 Nectit.
1201 2167 1285 2230 Setia
1303 2180 1373 2229 esto
1391 2165 1431 2228 ati
1449 2167 1672 2231 infirmandam
1689 2166 1801 2246 iidem,

228 2281 280 2343 aa.
314 2287 387 2330 ease
416 2267 639 2348 Claudiopolis
667 2267 843 2349 ‘Bithyniae
867 2264 997 2342 adierit,
1032 2285 1166 2330 numum
1196 2267 1321 2329 auctori
1351 2287 1416 2329 uon
1445 2269 1566 2349 ritum,
1597 2267 1657 2330 aeti
1678 2270 1802 2353 corrigi

230 2369 365 2452 eoadem
393 2389 469 2452 pag.
504 2368 571 2448 198.
601 2369 696 2429 alteri
720 2367 879 2431 isauricae
900 2368 999 2448 largi-
1032 2380 1156 2430 tantam
1185 2365 1353 2430 Oeconem
1382 2364 1801 2450 legentem-MTAIOHO-

230 2483 303 2546 tur,
334 2483 368 2532 ut
398 2471 480 2528 adeo
510 2469 586 2530 satie
598 2453 780 2553 appareat,
804 2467 996 2531 tentantium
1033 2463 1242 2542 hettoni,
1265 2469 1324 2529 aeti
1345 2481 1381 2530 ut
1403 2483 1507 2550 patet,
1529 2489 1595 2530 non
1616 2469 1648 2530 in
1668 2471 1800 2535 melica.

230 2571 269 2642 ab
284 2591 325 2633 eo
337 2573 499 2655 prolatam
519 2580 643 2632 temere
669 2583 701 2630 et
719 2571 916 2634 inconsulto.
938 2573 998 2632 Eo·
1033 2567 1228 2635 Vaillautiua
1243 2584 1376 2632 numum
1392 2569 1578 2632 caracallae
1596 2563 1807 2653 protulit-'in-

232 2673 306 2734 dem
330 2671 428 2732 modo
444 2670 630 2733 Harduinua
653 2671 742 2734 nulla
765 2685 855 2735 certa
872 2671 1003 2757 ratione=
1034 2657 1803 2752 acripnumrKAATAlOlIOAGlTssN.NGss.

232 2773 314 2834 aliea
339 2771 370 2830 in
397 2770 601 2849 Bithyniam,
631 2773 664 2832 in
688 2773 884 2854 Lycaoniam
917 2773 997 2834 aliua
1034 2768 1175 2832 Euthic
1193 2764 1325 2830 ¹natrnua
1352 2767 1436 2851 apud
1457 2769 1660 2847 Triatanum,
1690 2769 1806 2833 audin

231 2885 337 2937 vocat.
366 2873 500 2952 Petinus
521 2873 698 2936 Domitiani
722 2893 873 2950 numum,
900 2891 997 2957 quam
1033 2889 1099 2954 quo
1133 2869 1264 2951 legitur,
1285 2863 1409 2942 Nec,
1440 2863 1505 2928 non
1535 2865 1671 2945 Nes)...
1702 2885 1801 2953 atque

230 2974 336 3035 aolum
367 2963 462 3049 citat,
490 2976 523 3036 in
546 2975 699 3036 isauriam
716 2975 880 3042 tranaiert
923 2979 998 3038 Non
1032 2958 1120 3034 hehe
1142 2967 1216 3031 'eoae
1242 2963 1530 3050 Neoclatttlicpolia
1549 2963 1802 3057 Paphlagoniae,
1918 2971 1922 2981 “

231 3073 456 3157 expenderunt
483 3073 551 3150 illi,
582 3073 697 3158 quibua
723 3077 844 3138 laauria
866 3057 999 3159 placuit,
1033 3072 1084 3133 ia
1091 3069 1198 3153 hujua
1207 3067 1298 3131 urbia
1312 3069 1426 3128 ιιιιιιιίι
1448 3072 1573 3136 monui.
1605 3073 1755 3138 Etiam
1778 3074 1806 3136 ai

232 3171 390 3235 disertum
408 3173 568 3235 Aminiam
583 3174 692 3237 locum
708 3175 879 3266 agentia
851 3174 892 3237 tia
907 3177 1000 3240 Clau
1034 3171 1117 3251 haec
1135 3170 1214 3232 urba
1237 3167 1354 3232 iniaaet
1375 3167 1537 3248 neocora,
1557 3192 1624 3234 non
1646 3173 1810 3238 otniaiaaet
1915 3161 1920 3173 “

234 3272 359 3355 diopoli
385 3272 526 3334 laauriae
549 3271 601 3356 d).
637 3297 735 3359 qoam
764 3257 899 3340 deducit
918 3280 1004 3340 colo·
1040 3272 1136 3355 huyua
1151 3272 1357 3333 mentionem
1355 3253 1558 3334 honoriam
1569 3291 1680 3336 numia
1699 3287 1809 3356 ponte·

239 3377 328 3436 niam
345 3378 495 3437 Claudios
518 3379 644 3442 Caesar.
666 3376 782 3458 Ergo
773 3399 805 3438 ιιι
822 3359 927 3439 ιιιιιιιίι
942 3378 1004 3453 hia,
1039 3371 1184 3436 rioribua
1208 3369 1353 3452 Bithynii
1369 3371 1506 3436 nomine
1528 3366 1672 3477 aignatie.
1709 3374 1806 3440 Vnde

235 3474 292 3558 qui
306 3493 418 3537 omnes
436 3475 660 3552 aantlciaudio
676 3479 895 3560 posteriorea,
910 3478 1007 3540 omia·
1041 3473 1206 3554 arquitur,
1236 3485 1346 3534 certor
1363 3472 1462 3555 hu'jua
1484 3472 1574 3536 urbia
1594 3471 1711 3536 numen
1733 3491 1808 3536 cum

239 3589 463 3637 aanonoaaet
484 3575 790 3653 coloniacmentio,
813 3579 841 3640 ai
862 3577 1006 3641 adhunc
1043 3571 1260 3650 claudiopolis
1274 3572 1409 3634 nomino
1421 3593 1486 3636 ιιοιι
1499 3572 1629 3657 porrigi
1645 3573 1730 3635 ultra
1742 3573 1807 3634 hn-
1871 3615 1883 3628 .

236 3675 379 3738 laauriae
395 3675 622 3758 Claudiopolin
641 3679 853 3758 pertinerent.
893 3677 1003 3774 Quare
1040 3673 1204 3759 toninunt,
1226 3684 1323 3755 atque
1341 3671 1439 3735 etiam
1454 3674 1621 3756 vulgatum
1639 3671 1735 3755 hujus
1751 3691 1810 3734 nu·

235 3789 309 3840 tutu
341 3797 453 3839 omne·
473 3777 681 3861 Claudiopoli
697 3775 893 3858 Bithyniae,
922 3797 1005 3861 quae
1040 3773 1128 3835 mum
1158 3775 1231 3838 ecee
1265 3771 1435 3858 ambiguae
1466 3771 1562 3849 fluat,
1592 3773 1807 3834 ut'moxuii·

238 3899 303 3940 una
321 3877 427 3940 adhue
450 3890 567 3954 restat,
590 3877 687 3940 tribui
703 3891 854 3960 potsunt
877 3890 912 3938 ut
930 3895 1006 3940 aane
1042 3885 1145 3938 cetur.
1229 3873 1231 3880 ’
1646 3895 1649 3902 ’

240 3976 332 4038 numi
371 3979 562 4062 Vespasiani
590 3978 739 4062 inaoripti
774 3972 1007 4053 matulo,
1380 4009 1384 4016 ·
1410 4028 1430 4066 ,ι

239 4089 370 4168 etcum
392 4077 525 4142 nomine
547 4077 593 4141 tn.
618 4077 743 4141 Planoii
766 4077 1007 4162 Variprocoa,
1160 4119 1163 4124 -
1236 4071 1271 4124 ἰ’
1346 4071 1369 4111 *
1452 4069 1495 4112 'l
1584 4099 1587 4106 ’
1664 4093 1667 4100 “

105 4255 111 4265 ·
241 4173 283 4237 tle
307 4178 423 4258 quibua
446 4179 574 4262 agimur
589 4199 685 4263 aupra
706 4179 740 4242 in
764 4176 1010 4296 prolegpr'nania
1085 4179 1251 4260 &pucha-¹
1241 4197 1277 4240 ιιι
1297 4195 1363 4248 uno
1387 4181 1549 4244 hactenua
1568 4189 1667 4249 numo
1693 4179 1810 4268 depae·

237 4277 429 4358 Bithyniae,
458 4276 665 4392 Claudiopoii
688 4292 820 4343 aoatrae
843 4277 935 4364 eripi
951 4299 1007 4343 ne·
1041 4281 1143 4344 ltenaa
1169 4271 1252 4344 ιιι.
1275 4281 1372 4342 Eat
1362 4301 1409 4343 ιι
1405 4271 1596 4346 Domitiani
1620 4293 1696 4348 cuna
1724 4303 1810 4347 anna

240 4391 375 4462 queunt.
463 4395 476 4443 ·,
543 4427 569 4440 ,.
748 4381 797 4442 1,
844 4386 848 4397 '
889 4401 895 4424 τ
1020 4377 1154 4449 PM&
1173 4371 1275 4464 (lua.
1284 4371 1810 4473 erar.)quiatargom1uu

354 4588 438 4666 )1..
457 4591 540 4654 xtv.
561 4609 627 4667 cap.
648 4598 677 4656 8.
