4296 5494
351 615 400 682 30
935 593 968 670 T
994 595 1028 668 H
1053 596 1084 670 lt
1108 595 1142 668 A
1167 595 1196 670 C
1221 595 1240 666 I
1265 595 1309 666 A.

351 765 473 834 donent
505 765 613 831 addita
642 763 716 831 ΤΟ.
745 761 784 829 Β.
814 764 868 828 vel
904 763 978 833 ΤΟ.
1002 756 1044 830 Γ.
1074 766 1117 828 At
1152 763 1392 828 Antoninorum
1426 773 1597 846 tempora.
1635 779 1775 847 quorum
1812 775 1920 830 aetate

350 871 452 934 nimio
493 865 620 931 fallitur
648 863 866 940 Vaillantius‚
902 863 958 949 qui
990 865 1118 949 epigra·
1153 863 1231 927 satis
1256 874 1406 938 constat,
1437 861 1584 926 Graecos
1612 883 1673 947 per
1698 863 1918 928 adulationem

351 971 440 1056 pben
461 965 556 1030 Em.
586 960 1119 1036 n1.ss0NT1K0'r.H.inter·
1153 982 1215 1049 pro
1251 962 1368 1026 nativis
1404 961 1472 1025 suis
1504 961 1690 1026 nominibnt
1729 963 1918 1031 adhibuisse

352 1083 518 1154 pretatur:
548 1071 617 1132 snt
646 1069 742 1130 Aelio
763 1069 896 1128 Pontico
919 1070 1061 1130 octavies
1075 1069 1117 1157 ¹).
1154 1069 1310 1128 Romana.
1348 1064 1391 1126 At
1423 1061 1591 1145 praesides
1621 1065 1743 1130 sinaris
1772 1085 1835 1150 pro
1862 1068 1943 1130 int·-

282 1247 285 1253 .
353 1172 440 1234 Huio
465 1171 572 1232 obstat
592 1187 710 1232 numus
725 1163 898 1228 Commodi
919 1165 1025 1230 musei
1040 1168 1120 1232 Cae·
1153 1163 1360 1251 potatoribus
1388 1177 1550 1249 potestate
1573 1165 1741 1249 regendae
1762 1168 1824 1232 toti
1845 1189 1923 1254 pto·

355 1273 458 1338 anteit
483 1264 575 1334 erit.
600 1264 654 1334 Μ.
677 1262 888 1332 ΜΑΡΚΟΤ.
917 1263 959 1331 Η.
985 1265 1057 1332 ΤΟ.
1079 1264 1118 1332 Β.
1155 1266 1280 1332 vinciae
1307 1264 1444 1328 atlltibiti
1472 1285 1514 1329 ex
1542 1265 1694 1350 gentibus
1725 1267 1922 1354 plerumque

355 1376 448 1458 Ergo
476 1371 559 1434 alius
577 1364 791 1450 inquirendus
818 1367 935 1431 litet-ae
948 1367 994 1435 Η.
1017 1366 1120 1450 expli·
1155 1367 1251 1431 fuere
1279 1367 1446 1430 Romanis.
1476 1368 1519 1431 11.
1549 1367 1700 1443 Constat,
1732 1366 1921 1450 Traianum,

356 1487 459 1538 catus.
486 1469 717 1544 Froeliobins‚
747 1467 803 1550 qui
834 1467 922 1530 ltuuo
947 1466 1121 1532 Commodi
1155 1467 1340 1532 Faustinam
1360 1466 1551 1549 juniorem,
1583 1481 1616 1532 et
1636 1468 1836 1534 caracallam
1858 1473 1925 1554 By·

357 1597 489 1640 numum
504 1569 609 1636 edidit
628 1573 666 1648 ¹),
688 1567 865 1654 legandum
890 1582 1022 1633 oensett
1037 1565 1124 1654 Ηιγι·
1159 1568 1259 1632 santii
1284 1567 1491 1652 magistratus
1509 1550 1662 1654 eponymi
1685 1569 1844 1634 honorem
1868 1569 1925 1637 ad·

355 1697 444 1759 noser
465 1671 536 1738 ΤΟ.
558 1667 597 1734 Β.
622 1669 824 1734 Sententiam
845 1689 935 1732 snam
956 1668 1053 1735 luloit
1066 1691 1126 1736 nu·
1159 1669 1311 1748 misisse,
1336 1687 1460 1756 eosque
1476 1669 1584 1734 uumis
1605 1667 1708 1735 inissa
1736 1671 1923 1760 inscriptos,

359 1799 413 1841 mo
440 1771 613 1840 Commodi
635 1767 676 1833 ab
699 1770 840 1853 Haymiu
861 1772 994 1857 vulgato
1016 1770 1066 1854 ¹³),
1090 1773 1125 1836 in
1160 1783 1196 1832 ut
1229 1769 1314 1833 inira
1344 1769 1538 1836 ridebimus.
1574 1774 1616 1834 At
1641 1769 1715 1858 quia
1735 1771 1840 1852 ierat,
1865 1773 1926 1840 im·

358 1897 425 1962 quo
455 1875 637 1958 scriptume.
656 1865 754 1940 ΕΠΙ.
786 1869 844 1934 AI.
867 1867 1125 1941 ΠΟΝΤΙΚΟΤ.
1159 1885 1348 1955 potatorem
1369 1873 1487 1958 ipsum
1501 1867 1567 1935 diei
1587 1869 1681 1936 obire
1707 1893 1824 1940 munus
1848 1871 1925 1962 sipt-

360 1973 447 2054 HF.²
476 1995 518 2038 ox
548 1991 614 2060 qno
643 1967 770 2048 infert,
819 1971 853 2032 in
890 1973 1124 2055 Byzantiorum
1158 1993 1263 2056 μοιος,
1295 1975 1351 2056 qui
1373 1976 1445 2054 ipso
1468 1971 1676 2058 imperatoris
1699 1969 1774 2038 loeo
1793 1976 1926 2059 prorita-

361 2075 468 2139 numis
494 2073 597 2137 initae
621 2073 765 2156 signatos
786 2067 953 2155 Ηιγεμοιας
976 2087 1050 2138 attte
1067 2073 1126 2139 Se·
1161 2074 1244 2139 eiam
1266 2071 1536 2151 administrabat,
1568 2093 1607 2139 no
1631 2075 1808 2160 praecipue
1830 2075 1928 2144 femi·

362 2197 500 2254 totum,
529 2195 596 2238 non
623 2192 703 2238 sero
722 2172 906 2238 archontes.
943 2175 1025 2240 Cum
1045 2195 1127 2250 sero
1161 2197 1237 2240 nam
1262 2175 1297 2236 id
1321 2173 1409 2240 velle
1430 2172 1621 2260 praestate?
1648 2177 1844 2261 Acceptasae
1860 2179 1927 2244 Au·

360 2277 474 2363 urgeri
496 2293 532 2338 aa
557 2271 664 2339 videat
680 2295 779 2338 numo
802 2273 930 2336 Aurelii
951 2275 1127 2360 inscriptos
1163 2289 1278 2361 gustos
1313 2289 1347 2339 et
1377 2275 1534 2340 Caesares
1566 2274 1702 2340 honoris
1734 2299 1834 2346 nausa
1860 2303 1926 2346 ma·

365 2373 458 2442 ent.
487 2373 557 2442 ΑΡ.
579 2368 817 2452 Mamor..
847 2374 1048 2460 respondet,
1077 2398 1128 2441 ar·
1162 2377 1332 2461 gistratum
1354 2377 1517 2459 privatum
1530 2375 1667 2461 singulis
1689 2376 1826 2444 urbibus
1850 2404 1927 2467 pro·

361 2477 517 2545 chantem
542 2495 705 2560 nunqnam
729 2476 836 2542 notari
859 2477 932 2540 solo
956 2475 1045 2556 att,
1067 2476 1128 2542 sed
1161 2478 1289 2560 prium,
1317 2491 1444 2543 eoustat
1471 2497 1514 2542 ex
1531 2477 1640 2541 numia
1662 2477 1792 2542 urbium
1811 2481 1927 2568 Hispa·

362 2579 513 2664 pleniore
535 2577 659 2654 arti..
697 2591 733 2642 ut
761 2577 825 2662 ipsi
857 2579 948 2642 numi
976 2579 1128 2662 Bysantii
1161 2578 1253 2660 miae,
1281 2601 1320 2646 att
1348 2577 1524 2665 praecipue
1554 2577 1596 2642 de
1617 2576 1786 2645 Hadriano
1813 2603 1855 2647 ex
1880 2597 1927 2648 te·

289 2747 304 2772 ,
363 2683 468 2746 serius
491 2679 610 2762 signati
626 2677 765 2762 docent.¹
785 2675 897 2772 Quare
921 2695 977 2744 aut
998 2703 1016 2743 a
1038 2681 1128 2749 vait·
1161 2681 1324 2746 stinonto
1337 2680 1526 2766 spat-titul,
1554 2695 1586 2745 at
1608 2699 1674 2742 non
1699 2695 1853 2764 poterant
1874 2701 1929 2750 ae·-

364 2782 467 2847 lantio
498 2780 630 2842 sinistre
658 2779 782 2842 lentum
806 2777 878 2844 ΑΡ.
913 2775 1126 2845 ΜΑΡΚΟΤ.
1161 2793 1294 2866 ueptsre
1321 2781 1448 2860 elium,
1476 2781 1533 2864 qni
1554 2779 1595 2844 stl
1615 2781 1859 2866 provinciarum
1879 2805 1929 2850 re·

364 2903 426 2968 pro
462 2877 518 2949 Μ.
554 2873 786 2955 ΜΑΡΚΟΤ.,
815 2899 911 2962 quam
949 2882 1128 2948 lectionem
1163 2882 1273 2969 gimen
1294 2882 1463 2967 pertinuit.
1486 2885 1543 2946 111.
1564 2883 1639 2947 Non
1655 2885 1762 2948 solum
1779 2885 1814 2948 in
1828 2907 1929 2951 numo

363 2983 509 3079 praefert
530 3001 647 3044 numus
668 2980 743 3046 loco
764 3002 796 3062 7.
825 2980 1036 3066 descriptus,
1074 2995 1129 3046 aut
1163 2982 1291 3046 Aurelii
1314 2983 1455 3070 legitur:
1486 2977 1581 3050 Gssl.
1608 2979 1677 3048 ΑΡ.
1705 2979 1930 3065 ΜΑΡΚΟΤ..

366 3106 401 3146 ro
439 3081 511 3148 ΑΡ.
541 3097 655 3146 notare
681 3086 831 3160 Arrium,
865 3087 1038 3148 Artemitam
1064 3097 1129 3148 ete.
1165 3083 1343 3148 sedetiam
1372 3085 1408 3147 in
1430 3083 1515 3148 binis
1537 3083 1712 3150 Gordianit
1743 3081 1834 3149 ent.
1858 3085 1928 3154 ΑΡ.

366 3205 484 3248 numos
511 3195 620 3246 autem
648 3179 808 3262 'I'rajsnit
853 3179 947 3250 ettt.
970 3179 1132 3246 ΤΡΑΙΑ·
1166 3180 1412 3253 ΔΙΟΝΤΟΟΤ.
1440 3183 1514 3251 ΤΟ.
1540 3181 1580 3252 Β.
1609 3205 1698 3250 uum.
1731 3185 1788 3266 tt,
1815 3201 1850 3253 et
1878 3189 1931 3268 ab,

370 3281 477 3349 ΝΟΤ.
506 3281 578 3345 ΤΟ.
606 3277 666 3360 Γ.,
688 3279 804 3364 quibua
824 3301 1056 3366 nonnunquam
1078 3279 1133 3345 ad·
1166 3304 1207 3348 ex
1231 3301 1297 3366 quo
1322 3285 1487 3373 sequitur,
1518 3299 1574 3350 attt
1601 3283 1673 3352 ltus
1690 3287 1788 3352 etiarn
1813 3309 1932 3354 numos

368 3387 402 3450 di
425 3380 529 3448 ΑΡΧ.
552 3383 662 3447 obiter
690 3397 802 3446 monet
824 3381 1035 3459 Vsillantius‚
1065 3381 1135 3465 pla·
1167 3405 1186 3447 s
1215 3385 1391 3452 Vsillantio
1424 3387 1509 3450 male
1545 3387 1675 3466 lentos,
1708 3387 1798 3473 quod
1826 3391 1933 3454 minus

370 3505 412 3550 ne
434 3485 558 3550 fastidit
579 3497 730 3569 tanquam
751 3484 824 3567 jure
838 3494 1018 3567 suspectos.
1041 3485 1133 3547 Haeo
1170 3481 1300 3547 videtur
1316 3475 1504 3565 ,credibilej
1537 3501 1592 3552 sut
1626 3488 1724 3553 etiam
1752 3489 1786 3552 in
1817 3489 1869 3556 ltis
1898 3515 1933 3555 ro

370 3585 590 3650 Froelioltins.
618 3581 685 3650 Sed
715 3583 803 3647 enim
836 3597 872 3648 ut
899 3580 998 3648 laoile
1020 3581 1137 3647 adaeu·
1169 3579 1243 3646 ΑΡ.
1275 3601 1349 3648 esse
1378 3607 1499 3652 nomeu
1528 3595 1651 3665 Arios,
1682 3589 1736 3656 rel
1764 3593 1933 3668 Amastor,

372 3689 456 3767 tior,
499 3708 535 3748 ro
576 3683 619 3747 tt.
660 3703 726 3747 non
761 3682 945 3770 significare
979 3695 1136 3762 sotorum,
1170 3697 1226 3748 aut
1257 3680 1400 3772 danique
1427 3688 1455 3750 si
1480 3689 1590 3776 initis
1617 3689 1794 3776 legendum
1819 3686 1933 3776 ἅρχων,

374 3785 463 3871 quod
495 3783 719 3870 suspirabatur
745 3786 963 3864 Vsillantius‚
1002 3786 1051 3852 sio
1081 3787 1137 3851 tin
1170 3785 1269 3860 otiam
1297 3787 1331 3848 itt
1353 3789 1529 3871 prioribus.
1559 3791 1614 3862 Ν.
1643 3781 1936 3889 'Quemadmodum

376 3889 583 3966 verisimile,
610 3884 796 3971 significare
824 3885 985 3974 Ηεγιμιια.
1012 3888 1064 3950 En
1086 3907 1139 3950 rs·
1171 3885 1206 3948 in
1243 3904 1424 3956 memorato
1458 3889 1631 3956 Commodi
1668 3914 1770 3958 numo
1815 3895 1937 3980 legitur

377 3991 483 4054 tiones
512 4011 577 4052 non
607 3988 841 4073 aspernandam
865 3992 893 4060 l.
914 3992 962 4052 Ex
987 3986 1138 4075 inseripti
1176 3983 1272 4055 elit.
1287 3985 1342 4056 Μ.
1363 3987 1574 4055 ΜΑΡΚΟΤ.
1594 3987 1639 4058 Η.
1663 3988 1737 4062 ΤΟ,
1765 3991 1818 4072 B„
1838 3997 1886 4061 nin
1903 3998 1938 4060 in

376 4091 583 4176 magistratus
608 4089 792 4153 nominibus
822 4088 899 4155 satis
934 4099 1047 4177 patet,
1085 4096 1143 4156 bo·
1175 4087 1567 4176 atttstagiturress.n1.
1592 4088 1937 4168 [imitamina

381 4191 485 4254 mines
511 4209 551 4252 ao
575 4190 704 4254 innotus
727 4189 829 4256 inisse
843 4193 1004 4266 Graecos,
1028 4189 1144 4274 legart-
1176 4209 1265 4252 num.
1284 4207 1316 4268 a.
1347 4191 1396 4270 6.,
1422 4159 1515 4259 etit.
1538 4189 1792 4259 ΔΑΤΙΑΝΟΤ.
1810 4192 1883 4262 ΗΡ.
1904 4219 1938 4262 n.

380 4306 435 4358 tur
484 4291 573 4354 enim
614 4295 815 4368 Demetrius,
859 4295 1043 4366 Diodorus,
1084 4293 1147 4354 De·
1184 4307 1240 4368 to,
1263 4309 1304 4354 ex
1327 4311 1392 4376 quo
1408 4292 1491 4376 jure.
1504 4294 1663 4380 auspicari
1681 4295 1778 4375 lieet,
1799 4299 1941 4364 solitari-
2058 4299 2065 4308 '

382 4397 557 4483 mallones
581 4401 639 4455 olo.
662 4391 750 4475 quod
772 4391 965 4470 observatur
981 4411 1084 4476 usque
1109 4391 1144 4453 itt
1179 4411 1235 4455 ttm
1259 4393 1302 4458 H.
1323 4393 1411 4457 idem
1437 4407 1569 4471 notare.
1587 4395 1676 4479 quod
1700 4397 1770 4463 ΗΡ.
1796 4401 1829 4460 itt
1857 4399 1941 4479 aliis,

405 4559 409 4566 Ι
516 4583 544 4658 ²)
565 4579 652 4644 1lunt·
671 4581 828 4656 Graeap.
849 4586 896 4642 66.
995 4583 1024 4654 ι)
1042 4581 1095 4642 tv.
1114 4582 1200 4642 'l'ent
1218 4603 1251 4661 p.
1269 4591 1334 4648 220.
1433 4582 1464 4661 t)
1483 4585 1518 4645 Τ,
1537 4585 1574 4645 η
1593 4605 1681 4665 pra.
1700 4593 1763 4653 Μ
