4296 5494
698 643 931 720 noasnt
979 585 1285 721 mnemon.
1732 664 1780 734 sa

207 827 321 878 matur
337 811 455 886 etiam,
478 813 567 899 qdod
585 812 691 879 refert
706 816 823 883 Victor
839 831 978 909 uterque
1016 828 1138 881 tantum
1154 815 1284 881 adferre
1299 815 1444 894 subsidii,
1467 827 1692 903 quantumnou
1703 839 1780 906 pau·

206 929 241 978 ct
255 917 431 992 Zosimus,
461 916 680 978 Hostilianum
697 936 793 980 caeso
810 911 902 1001 patre
921 918 979 978 ali·
1015 917 1062 976 cis
1084 917 1165 980 uiris
1188 917 1325 980 eruditis
1348 919 1464 987 visum,

205 1017 368 1103 quamdiu
389 1039 463 1080 cum
486 1015 583 1079 Gallo
605 1017 793 1100 imperasse.
823 1019 978 1080 Ceterum
1056 1021 1108 1079 Ex
1131 1017 1410 1086 anuisVimiuacii
1430 1018 1616 1082 rarissimus
1638 1033 1689 1084 est
1708 1022 1780 1084 AN·

206 1118 346 1180 arctior
364 1131 451 1182 esset
482 1116 689 1180 hauddubie
712 1119 919 1182 mendacium
942 1119 1152 1196 in,nusX.‚
1185 1121 1231 1182 sic
1253 1133 1290 1181 ut
1312 1119 1424 1181 timide
1453 1121 1596 1206 ambigat
1617 1123 1780 1186 Noumau·

205 1221 258 1282 his
291 1221 400 1282 numia
421 1241 580 1282 annorum
603 1219 789 1302 catalogus,
813 1219 840 1280 si
863 1202 981 1282 omnci
1007 1243 1092 1300 nus,
1114 1235 1222 1282 utrum
1238 1219 1265 1280 is
1284 1239 1401 1282 revera
1417 1222 1451 1283 in
1466 1208 1779 1292 Viminaciimoueta
1823 1233 1825 1239 “

204 1323 369 1384 hacteuus
390 1319 470 1382 editi
489 1322 629 1382 alterum
654 1341 791 1382 examen
815 1321 975 1384 subirent.
1014 1323 1132 1387 existat
1144 1323 1194 1404 q),
1217 1321 1279 1384 etsi
1297 1321 1421 1406 aliquot
1440 1343 1514 1387 cum
1530 1322 1595 1386 hoc
1610 1344 1779 1410 aunopro·
1817 1315 1819 1318 ⁵

205 1429 295 1486 Sane
317 1423 353 1483 iu
381 1413 502 1483 muscis
524 1416 723 1496 Austria'cis,
754 1442 837 1506 quae
859 1423 977 1484 utrius·
1012 1422 1212 1507 mulgaverit
1233 1420 1442 1488 Vaillautius.
1471 1424 1594 1490 Vnicus
1610 1425 1705 1490 Decii
1728 1440 1779 1490 est

205 1542 273 1606 que
305 1523 419 1604 populi
448 1523 555 1584 numia
585 1521 627 1584 ad
656 1523 825 1586 fastidium,
852 1526 976 1588 referta
1013 1528 1046 1588 iu
1061 1545 1175 1588 musco
1198 1523 1382 1600 Caesareo,
1404 1524 1437 1582 in
1460 1543 1615 1610 quocum
1633 1546 1707 1590 esse
1723 1549 1778 1590 au·

205 1638 304 1699 sunt,
327 1624 515 1707 complures
537 1644 577 1685 ex
593 1623 633 1685 iis
648 1625 764 1688 vidore
787 1645 853 1687 non
872 1627 975 1704 licuit,
1011 1647 1088 1688 num
1116 1627 1292 1708 scriptum,
1321 1625 1471 1687 nonnihil
1494 1623 1636 1690 fidenter
1653 1629 1776 1712 poesim
1887 1677 1891 1688 .

205 1747 293 1810 quos
316 1725 379 1788 sibi
404 1725 489 1786 risos
516 1724 755 1807 professi-sunt
779 1727 845 1786 alii.
876 1729 976 1790 Deni·
1011 1726 1194 1792 adfirmare.
1220 1726 1349 1820 Quanta
1370 1725 1453 1789 adeo
1467 1724 1553 1788 'fides
1570 1727 1610 1788 sit
1626 1728 1773 1796 habenda
1889 1767 1893 1776 ⁴
1940 1731 1942 1738 ⁸

199 1847 272 1914 'que
297 1849 339 1890 ex
361 1825 518 1888 hactenus
540 1823 634 1887 dictis
657 1826 734 1914 eatis
753 1841 896 1911 apparet,
919 1829 975 1895 Vi·
1011 1829 1166 1904 Panelio,
1190 1829 1248 1910 qui
1261 1847 1379 1890 anuum
1396 1827 1437 1893 X.
1454 1825 1578 1910 reperit
1590 1849 1656 1891 nou
1674 1829 1774 1894 modo

201 1929 340 1993 minucii
369 1947 407 1990 ac
442 1925 562 1986 Daciae
599 1947 718 1990 numos
749 1943 889 2012 psopter
926 1913 974 1993 tdt
1010 1931 1044 1992 iu
1067 1933 1174 1992 numia
1196 1927 1365 2012 utriusque
1385 1928 1548 2012 Philippi,
1571 1929 1632 1990 sed
1657 1945 1690 1993 et
1710 1935 1775 1996 De·

201 2033 344 2096 fallaces
366 2047 526 2090 annorum
555 2045 711 2091 numeros
733 2029 775 2092 ad
797 2029 975 2093 chronolo·
1010 2033 1063 2108 cii,
1080 2029 1479 2107 Etrusoillae,-Hcrennii,
1498 2029 1724 2096 etHottiliaui
1745 2035 1774 2114 τ)
1832 2039 1835 2045 “

202 2136 313 2218 gicam
330 2129 565 2214 imperatorum
581 2126 751 2195 historiam
768 2139 971 2218 nequaquam
1009 2148 1123 2220 suapte
1143 2146 1244 2220 patet.
1328 2169 1334 2182 ι

611 2299 909 2384 ΜοΕΜᾸ
951 2293 1362 2388 JNFunJon.

467 2482 694 2548 CALMHA.
1009 2486 1098 2549 idem
1130 2505 1267 2571 ¹quoque
1301 2499 1398 2566 typus
1434 2481 1469 2542 tn
1506 2487 1637 2547 moneta
1666 2487 1784 2552 Paesti,

250 2583 304 2648 Ad
317 2582 500 2657 Euxinum,
542 2581 673 2647 condita
702 2583 743 2647 ab
767 2583 974 2648 Heracleotis
1010 2588 1192 2665 Lucaniae,
1212 2599 1247 2650 et
1270 2581 1518 2666 Philadelphiuc
1538 2583 1674 2666 Lydiae.
1705 2593 1775 2651 Duo

203 2687 322 2760 Ponti,
344 2695 380 2747 ut
394 2665 570 2746 ‘tradidere
595 2685 725 2762 Strabo,
742 2691 918 2768 scymnus,
941 2700 975 2750 et
1010 2695 1141 2772 equites,
1164 2683 1374 2772 (Theopoli.)
1397 2685 1484 2749 haud
1504 2683 1601 2748 dubio
1620 2688 1776 2752 Dioscuri

208 2791 368 2851 Memnon
389 2781 476 2865 apud
491 2783 655 2852 Photium.
1009 2811 1146 2873 magnac
1179 2809 1239 2872 per
1264 2789 1404 2852 Pontum
1427 2785 1546 2852 famae.
1577 2790 1695 2865 Spirae
1718 2799 1778 2850 aot

501 2943 684 3002 dmum·
1010 2897 1109 2968 soloe,
1128 2904 1187 2954 aut
1200 2898 1305 2970 jocio
1325 2893 1426 2952 olium
1452 2897 1570 2966 typum.
1591 2889 1703 2964 Cybele
1726 2906 1774 2952 aa·

255 3055 974 3155 EpiyraphssfK·⁵0l⁰1}1·(N⁰¹¹m⁸¹¹¹¹·)KAA·
1011 3093 1139 3154 tariano
1162 3084 1263 3159 ΦΙΛ.
1288 3084 1398 3170 ΚΑΛ.
1417 3093 1526 3155 Claro.
1555 3087 1648 3182 Quae
1672 3089 1713 3150 ait
1735 3089 1777 3150 si·

208 3150 840 3224 KAAAnTt.KAAAAT1ANstN.
956 3212 957 3220 ¹
1011 3191 1177 3274 gnificatio
1199 3215 1236 3252 re
1258 3184 1358 3256 ψΙΛ.
1388 3191 1518 3276 ignoro.
1548 3189 1597 3254 01.
1621 3175 1774 3253 Combius

256 3269 354 3342 W*
409 3339 411 3344 .
1013 3297 1228 3356 Pln'localeom
1245 3295 1343 3354 Ponti
1359 3291 1494 3354 iudicari
1516 3303 1639 3355 censet.

250 3353 464 3424 KTICTHC.
488 3361 590 3436 Caput
614 3358 770 3427 Herculia.
801 3363 975 3445 (Falleris,
1012 3397 1081 3458 AB·
1104 3399 1168 3459 BR·
1194 3400 1263 3459 ΛΕ.
1287 3397 1348 3458 Im¹
1414 3431 1417 3438 ¹

209 3467 298 3529 ssus.
320 3461 433 3543 Caes.)
453 3461 486 3522 Is
510 3461 663 3524 nimirum
686 3484 747 3546 per
761 3464 976 3528 Heracleotae

208 3555 475 3630 urbia'conditor
498 3573 549 3622 est
569 3561 715 3650 habitos,
739 3587 776 3629 ac
802 3580 976 3652 propterea
1289 3552 1504 3631 lmi’flmlffli'·
1593 3645 1594 3648 Ἴ

209 3669 244 3728 iu
278 3685 393 3730 aversa
417 3684 600 3734 ,numerum
631 3665 726 3749 hujus
753 3667 846 3732 urhis
875 3667 975 3732 hahes
1056 3669 1082 3730 A
1111 3670 1262 3730 Faustina
1294 3669 1360 3751 jun.
1391 3683 1424 3730 et
1457 3665 1601 3742 Lucilla,
1642 3687 1774 3749 quarum

211 3788 311 3853 saepe
327 3767 398 3851 ejus
414 3763 587 3842 attributa,
606 3771 809 3846 pharetram,
838 3775 975 3846 clavam,
1012 3768 1104 3830 numi
1127 3784 1199 3832 sunt
1216 3768 1301 3852 apud
1325 3767 1530 3850 Arigouium,
1553 3781 1586 3827 et
1608 3769 1639 3826 in
1660 3787 1772 3827 museo

209 3891 331 3934 mmm.
354 3869 454 3952 (nus.
470 3865 579 3948 Caes.)
602 3866 640 3928 Iu
657 3889 756 3931 numo
778 3869 879 3932 simili
892 3869 976 3952 apud
1014 3871 1191 3945 Caesareo,
1214 3867 1374 3954 usquead
1392 3867 1578 3948 Philippum
1594 3866 1659 3948 juu.

209 3971 380 4034 Galatam
404 3980 439 4031 et
459 3969 544 4031 male
569 3967 692 4050 legitur
711 3961 975 4048 ΚΑΛΑΤΙΑΣ,
1059 3976 1139 4051 iypi
1151 3967 1774 4050 obviivariorumnuminum.lnsignior
1795 3958 1798 3966 ¹

210 4071 347 4134 stmulo
365 4067 521 4134 tribuitur
535 4069 691 4136 Galatiae.
1012 4083 1079 4134 est:
1102 4063 1774 4152 Herculeiaprumurymamiiam'qestam.

248 4169 290 4234 Iu
311 4171 400 4236 aliis:
430 4177 552 4254 Cupido
576 4179 667 4237 leone
691 4184 798 4237 vectus
814 4194 841 4236 a.
855 4175 974 4253 sarem.
1013 4171 1114 4251 (Mus.
1128 4171 1164 4236 C.
1180 4171 1316 4250 Vitzai.)
1381 4229 1383 4232 .

209 4271 400 4354 (Patierin.)
409 4277 585 4355 Delphinus
594 4279 702 4356 clypeo
714 4275 850 4356 adlicer.
859 4269 974 4350 (Ibid.)
1055 4275 1182 4334 literae
1203 4273 1392 4335 solitariae:
1423 4273 1463 4339 E.
1489 4272 1523 4334 iu
1544 4271 1773 4335 Pellerinianis

209 4377 320 4455 Cigspei
331 4378 444 4454 plores
459 4381 496 4438 in
510 4379 615 4438 orbem
628 4379 787 4454 dispositi,
807 4378 975 4436 ceninen-
1012 4383 1046 4432 et
1068 4371 1101 4436 in
1126 4371 1224 4434 citato
1247 4371 1416 4439 Vitzaiauo
1433 4421 1441 4450 ,
1469 4369 1509 4441 Γ.
1536 4375 1569 4435 in
1598 4387 1773 4436 autonomo

205 4478 270 4536 asia
289 4477 508 4552 Macedonum,
525 4475 739 4556 (Neumauu.)
759 4472 819 4538 aed
836 4473 992 4548 habetur,
1012 4471 1188 4557 Theopoli.
1210 4472 1247 4533 Id
1262 4471 1369 4558 'genus
1387 4475 1498 4540 literas
1523 4474 1716 4559 frequenter
1740 4470 1773 4530 in

333 4667 366 4738 t)
377 4664 464 4728 Num.
478 4683 552 4746 pop.
567 4666 600 4728 P.
615 4666 653 4728 11.
667 4685 700 4744 p.
717 4635 780 4730 127.
855 4743 859 4758 .
900 4667 930 4733 r)
943 4663 976 4723 iu
989 4681 1067 4722 uum.
1083 4663 1274 4725 Treboniam.

1011 2999 1098 3056 dena.
1111 2993 1215 3073 (Mus.
1239 2990 1348 3071 Caes.)
1366 2987 1547 3072 Singularis
1565 3000 1613 3050 est
1633 2986 1667 3048 in
1684 2969 1775 3048 Hin·
1883 3049 1887 3058 ,
