4270 5488
647 638 834 753 naeus
885 599 1285 734 nncanonma.
1658 662 1757 733 ns

179 815 262 881 mile
288 813 438 886 ridetur,
462 810 533 914 ejus
559 806 610 872 rei
633 829 761 874 causam
780 805 955 894 petendam
992 808 1056 888 ris,
1080 809 1136 894 qui
1157 823 1232 873 sunt
1246 805 1281 872 in
1299 829 1412 873 museo
1428 800 1605 893 Caesareo,
1630 801 1757 902 signum

176 916 219 982 ab
266 915 342 1000 ipso
386 915 530 990 Carano,
574 909 628 995 qui
671 911 809 974 ducibus
850 911 956 996 capris
992 911 1095 992 illud,
1132 911 1221 997 quod
1252 911 1422 974 statuendo
1457 907 1594 1000 tropselt
1623 939 1760 1005 occupa·
1887 911 1889 916 ’
1956 953 1961 962 ·
2065 947 2075 962 -

176 1019 340 1082 Edessam
364 1016 470 1098 cepit,
503 1013 593 1097 cujus
609 1025 673 1076 tam
688 1011 781 1076 firma
798 1011 954 1095 deinceps
992 1025 1062 1092 tar,
1100 1036 1162 1100 per
1197 1014 1363 1078 luculenta
1401 1034 1523 1078 cornua
1554 1032 1594 1080 et
1625 1019 1758 1084 caudsm

175 1117 241 1182 tuit
269 1117 449 1194 memoria,
472 1129 508 1178 ut
530 1135 628 1196 reges
652 1114 775 1196 posteri
792 1134 904 1196 caprae
920 1115 954 1177 in
991 1125 1118 1177 certum
1162 1114 1249 1178 Pana
1292 1110 1450 1182 efficiunt.
1490 1111 1758 1206 ‘Monogramma

175 1223 332 1286 exercitu
357 1225 544 1284 constanter
566 1213 700 1289 edendas
721 1231 889 1290 cararent,
921 1231 955 1278 ct
991 1217 1092 1282 ANT.
1121 1213 1304 1280 adnomen
1329 1217 1419 1300 regis
1441 1211 1624 1300 pertinere,
1649 1242 1689 1283 eo
1711 1221 1757 1286 fa-

174 1323 286 1387 luisse
308 1325 458 1407 adoptata
472 1333 497 1381 'a
520 1319 655 1403 regibus
684 1316 803 1379 horum
837 1319 955 1382 anima·
989 1317 1054 1384 cile
1087 1314 1273 1400 colligitur,
1301 1317 1389 1402 quod
1409 1314 1544 1404 reliquis
1567 1341 1628 1404 per
1648 1315 1757 1386 aream

175 1426 259 1486 lium
295 1423 451 1509 insignis,
482 1421 597 1504 qcibue
627 1439 764 1502 regnum
797 1405 955 1490 debuere,
989 1415 1076 1482 notis
1105 1415 1303 1482 variantibus
1339 1403 1421 1480 illud
1451 1437 1641 1486 constanter
1669 1425 1757 1490 idem

174 1525 230 1589 Ex
261 1547 329 1612 quo
360 1521 503 1588 creverit
532 1521 628 1584 etiam
661 1521 693 1581 in
729 1517 834 1599 ipsum
868 1519 952 1581 Pana
990 1519 1058 1597 eet,
1096 1517 1196 1604 idque
1231 1533 1322 1582 tanto
1359 1519 1498 1599 certius,
1534 1527 1608 1607 quia
1646 1547 1759 1592 mano-

174 1629 399 1692 Macedonum
425 1609 591 1698 atlfeclua,
616 1619 669 1684 cui
687 1619 769 1685 hirci
793 1609 949 1705 caprique
987 1641 1130 1704 gramma
1161 1620 1277 1683 similis
1303 1635 1438 1685 naturae
1467 1623 1499 1684 in
1521 1647 1620 1688 numo
1643 1649 1757 1692 secun·

175 1725 391 1792 sacri'l'uere.
986 1716 1029 1782 do
1054 1733 1179 1784 certam
1207 1738 1441 1807 regemnotat.
1475 1725 1517 1785 At
1544 1731 1656 1807 quaeri
1686 1745 1757 1814 pot·

214 1829 365 1892 Numum
401 1827 507 1904 hunc,
538 1811 825 1910 ejusque'similes
854 1845 949 1890 cusos
986 1837 1051 1897 est,
1083 1837 1192 1904 utram
1218 1821 1336 1887 literae
1354 1821 1474 1910 ligatae
1497 1829 1596 1894 ANT.
1618 1835 1756 1911 Antipa.

174 1937 208 1992 in
231 1929 430 1993 Macedonia
458 1927 599 1989 dubitari
625 1929 737 2012 nequit
744 1952 753 2002 3
782 1949 856 1990 nam
877 1927 949 1989 Pal·
985 1934 1078 1999 trum,
1105 1946 1143 1986 au
1159 1927 1353 2008 Antigonam
1368 1927 1511 2009 intelligi
1530 1930 1644 2002 velint,
1666 1933 1756 1995 Anti·

110 2085 115 2098 .
174 2033 224 2096 las
249 2033 316 2095 hoc
333 2029 439 2104 cuitu,
462 2041 497 2092 ut
516 2027 644 2092 dicetur
664 2025 701 2088 in‘
714 2023 948 2114 Thessalorum
984 2037 1114 2108 patrum
1147 2021 1319 2089 Cassandri
1345 2020 1384 2096 li.
1413 2029 1527 2092 maluit
1549 2031 1693 2096 Liebous
1709 2031 1754 2113 d),
1837 2049 1840 2054 ·
1928 2049 1930 2054 ·

175 2133 302 2210 rumis,
325 2133 443 2216 passim
471 2134 544 2192 sese
569 2125 667 2191 effert
688 2127 721 2190 in
736 2143 867 2192 moneta
883 2130 951 2192 lla·
984 2147 1099 2190 verum
1113 2125 1365 2210 praeferendum
1383 2150 1456 2194 esse
1472 2133 1671 2217 Antigonum
1690 2135 1754 2199 Go-

177 2233 339 2299 cedoniae
357 2247 391 2296 et
406 2230 613 2307 Thessaliae,
637 2215 757 2297 deinde
774 2229 873 2322 ,galea
892 2229 950 2292 hu·
984 2243 1093 2294 natam
1122 2243 1298 2316 propterea
1324 2226 1466 2294 dubitari
1495 2234 1630 2317 nequit,
1667 2233 1755 2319 quod

173 2337 225 2420 jus
258 2337 385 2400 formae
414 2333 476 2418 jam
507 2333 651 2426 occurrit
681 2333 714 2393 in
746 2354 821 2396 area
852 2347 949 2398 tetra·
984 2328 1018 2390 in
1043 2329 1214 2412 superiore
1242 2329 1503 2406 tetradrsclrmo‚
1535 2333 1623 2416 quod
1649 2348 1752 2412 totum

175 2437 410 2500 drachmarum
437 2426 615 2497 Alexandri
641 2431 705 2510 AL,
741 2435 948 2522 frequentius
983 2431 1138 2515 Antigoni
1160 2451 1279 2494 nomen
1302 2433 1458 2513 scriptum
1483 2433 1635 2511 exhibet,
1670 2436 1754 2518 ejus·
1836 2435 1841 2444 ⁴

173 2560 258 2602 sero
286 2537 321 2599 in
349 2538 460 2600 aeneis
483 2533 639 2620 Antigoni
662 2537 786 2607 nostri.
816 2537 857 2598 de
879 2538 948 2628 qni·
983 2530 1059 2594 dem
1080 2535 1187 2594 Panos
1211 2533 1336 2616 imago,
1366 2547 1401 2594 nt
1424 2535 1457 2593 in
1481 2555 1676 2618 praesente,
1696 2539 1752 2602 ob·
1876 2572 1885 2580 -

173 2642 237 2704 bus
266 2661 365 2718 mox,
395 2651 428 2702 et
458 2637 602 2722 Philippi
631 2635 810 2719 postremi,
840 2651 876 2700 ut
914 2651 947 2701 et
982 2631 1108 2718 licitur,
1140 2633 1258 2696 deinde
1289 2635 1378 2718 quod
1408 2646 1530 2696 sertum
1561 2657 1603 2700 cx
1628 2641 1751 2724 clypeis
1808 2723 1813 2729 Ι

174 2745 423 2836 monogpamma
447 2741 517 2805 ΗΡ.
538 2733 848 2802 fereaaacedonias
870 2761 947 2824 pro·
982 2731 1203 2797 Macedonicis
1240 2747 1427 2808 contextum
1465 2738 1497 2798 in
1535 2736 1627 2799 nullo
1657 2754 1751 2805 certo
1854 2787 1864 2799 .

173 2841 284 2927 prium
304 2841 369 2906 dict
387 2853 505 2930 poten,
981 2835 1188 2918 superiorum
1233 2836 1446 2899 Macedoniae
1495 2857 1610 2918 regum
1651 2860 1750 2904 numo

981 2953 1054 2996 com
1079 2950 1162 2998 aret.
1754 2935 1762 2953 ‘

339 3080 343 3086 .
489 3031 509 3071 ⁶
550 2989 571 3030 '
612 3027 632 3072 ¹
897 3021 924 3088 ⁵.
1021 2957 1090 3097 Papa
1124 3051 1292 3120 tropaeum
1323 3051 1486 3114 statuens,
1525 3040 1678 3104 nimirum
1713 3058 1749 3106 ut

172 3173 178 3182 ·
216 3142 320 3222 Caput
347 3135 492 3202 Palladis
521 3141 697 3219 palacium.
726 3129 750 3194 ἶ
775 3130 849 3202 ΒΑ,
888 3132 945 3198 Vn
981 3157 1044 3219 ego
1074 3138 1222 3220 explico,
1255 3137 1295 3200 de
1326 3139 1431 3202 Gallis
1464 3141 1600 3206 Graecia
1624 3158 1658 3205 et
1682 3145 1750 3208 Ma·

174 3245 278 3304 nudus
312 3241 461 3302 imberbis
499 3251 532 3300 et
562 3241 719 3300 condatur
747 3237 944 3318 turgentibus
980 3235 1116 3300 cedonia
1143 3235 1282 3313 exactis,
1312 3241 1481 3322 praeclare
1502 3239 1673 3306 confirmat
1698 3266 1772 3324 ea,

173 3363 191 3404 s
215 3345 328 3422 fiante
355 3343 440 3402 binio
459 3343 608 3417 cornibus
632 3345 793 3417 tropaeum
819 3343 941 3416 statuit,
979 3361 1060 3422 qaae
1091 3337 1132 3401 ad
1171 3339 1311 3424 primum
1342 3339 1499 3425 Antigoni
1528 3365 1663 3407 numum
1682 3339 1751 3410 ¹dis·

173 3449 208 3504 s‘n
236 3463 317 3505 arec
338 3461 578 3522 monogramma
607 3443 710 3503 literis
742 3427 840 3500 ANT.
869 3459 943 3501 eon·
978 3461 1158 3508 seruorum.
1200 3443 1337 3505 incessit
1360 3455 1467 3504 tamen
1491 3445 1610 3528 religio
1634 3433 1749 3510 aPan-

171 3543 300 3618 flamm,
314 3546 501 3626 plerumque
527 3541 684 3604 atlsle‘tntc
697 3539 813 3621 palea,
834 3544 942 3602 rarius
977 3541 1064 3604 asnia
1103 3541 1225 3604 diserte
1255 3557 1394 3606 testante
1417 3548 1465 3623 ε),
1494 3565 1601 3630 neque
1624 3547 1748 3634 Philip-

169 3665 229 3723 pro
265 3647 325 3704 boc
365 3645 455 3706 uliae
483 3647 608 3708 literae.
639 3637 708 3706 ΑΕ.
746 3639 801 3703 111.
839 3627 939 3720 (Mus.
976 3663 1074 3726 pum,
1104 3663 1210 3727 neque
1240 3643 1344 3706 filium
1369 3645 1606 3722 Alexandrum,
1636 3669 1745 3732 neque

88 3801 93 3810 .
173 3741 282 3822 Caes.)
976 3763 1171 3828 quemquam
1203 3765 1428 3809 successorum
1452 3745 1664 3812 Macedoniae
1693 3771 1746 3814 re·

212 3834 340 3905 ΒΑΣῘ.
377 3843 480 3905 Galea
516 3832 762 3921 dependentibus
791 3846 941 3926 ntn'nqne
970 3865 1052 3928 gum
1087 3843 1128 3905 de
1167 3835 1302 3909 Graecis
1346 3845 1534 3911 barbariste
1572 3849 1745 3916 debellatis

168 3937 335 4008 arnestat
362 3943 463 4008 AN’I'.
496 3947 549 4020 (in
572 3948 732 4026 monogr.)
760 3947 848 4006 intra
876 3949 942 4024 cly-
976 3949 1122 4010 erexisse
1149 3962 1330 4030 tropaeum.
1374 3941 1416 4009 A't
1437 3969 1504 4010 non
1523 3969 1598 4013 raro
1620 3951 1743 4016 Diodo·
1805 4011 1807 4016 .

165 4065 244 4124 pecs
261 4045 495 4113 Macedonicos.
514 4042 583 4109 ΑΕ.
598 4045 654 4108 111.
672 4031 790 4126 (L'iebe
812 4065 843 4130 p.
869 4053 939 4120 roa.
974 4071 1030 4110 rus
1066 4047 1175 4129 statuti
1213 4072 1231 4114 a
1259 4047 1493 4113 Macedonibus
1521 4054 1647 4136 tropaei
1676 4075 1743 4120 me·

171 4143 384 4222 nna-ctas.)
975 4150 1086 4228 minit,
1117 4165 1152 4213 ut
1182 4148 1322 4214 advertit
1352 4151 1581 4238 Wesselingns
1602 4151 1648 4242 ¹),
1674 4160 1741 4223 etsi

207 4241 339 4310 Horum
373 4245 465 4326 prior
503 4249 632 4332 saepius
654 4243 778 4323 editus,
806 4255 939 4330 ee‘mpe'r
972 4273 1034 4336 pro
1054 4253 1211 4315 Pausania
1235 4267 1318 4332 stet,
1350 4267 1385 4316 et
1412 4253 1595 4320 Diodorum
1626 4255 1741 4341 ἆκυςως

169 4349 254 4413 mele
268 4346 475 4432 deseripw
496 4367 576 4412 nem
592 4367 717 4414 novem
731 4349 812 4434 ejus
832 4369 941 4431 *gene*
966 4353 1118 4418 locum
1131 4352 1313 4420 existimet.
1348 4355 1524 4452 Wldqdffl
1542 4361 1618 4438 arn,
1636 4361 1738 4446 ‘typus

279 4669 313 4741 d)
335 4665 427 4728 Goth.
445 4689 524 4730 ntun.
542 4693 576 4751 p.
596 4678 660 4737 tol·
679 4693 742 4750 seq.
796 4674 823 4750 e)
842 4675 873 4734 L.
891 4675 942 4772 ΙΧ.Ι
962 4695 987 4735 c.
1004 4680 1049 4740 40.
1105 4675 1132 4750 s)
1152 4677 1191 4737 sd
1208 4677 1334 4739 Diodori
1352 4681 1382 4738 L.
1402 4681 1481 4741 xvi.
1502 4702 1526 4741 c.
1546 4686 1604 4756 bg
