<?xml version="1.0" encoding="UTF-8"?>
<!DOCTYPE html PUBLIC "-//W3C//DTD XHTML 1.0 Transitional//EN"
    "http://www.w3.org/TR/xhtml1/DTD/xhtml1-transitional.dtd">
<html xmlns="http://www.w3.org/1999/xhtml" xml:lang="en" lang="en">
 <head>
  <title>
</title>
<meta http-equiv="Content-Type" content="text/html;charset=utf-8" />
  <meta name='ocr-system' content='tesseract 3.04.00' />
  <meta name='ocr-capabilities' content='ocr_page ocr_carea ocr_par ocr_line ocrx_word'/>
</head>
<body>
  <div class='ocr_page' id='page_1' title='image "./doctrinanumorum00millgoog_0520.png"; bbox 0 0 4282 5502; ppageno 0'>
   <div class='ocr_carea' id='block_1_1' title="bbox 628 967 1365 1147">
    <p class='ocr_par' dir='ltr' id='par_1_1' title="bbox 628 871 1498 1147">
     <span class='ocr_line' id='line_1_1' title="bbox 628 967 1365 1147; baseline 0.001 -59"><span class='ocrx_word' id='word_1_1' title='bbox 628 967 1365 1147; x_wconf 15' lang='lat' dir='ltr'>‚rostra</span> 
     </span>
    </p>
   </div>
   <div class='ocr_carea' id='block_1_2' title="bbox 261 1480 1826 1893">
    <p class='ocr_par' dir='ltr' id='par_1_2' title="bbox 261 1480 1826 1893">
     <span class='ocr_line' id='line_1_2' title="bbox 265 1480 1826 1588; baseline 0.003 -22"><span class='ocrx_word' id='word_1_2' title='bbox 265 1480 435 1580; x_wconf 72' lang='lat' dir='ltr'>Graeciae</span> <span class='ocrx_word' id='word_1_3' title='bbox 463 1502 596 1588; x_wconf 92' lang='lat' dir='ltr'>populi,</span> <span class='ocrx_word' id='word_1_4' title='bbox 635 1521 673 1566; x_wconf 89' lang='lat' dir='ltr'>se</span> <span class='ocrx_word' id='word_1_5' title='bbox 708 1500 926 1565; x_wconf 73' lang='lat' dir='ltr'>Athenienses</span> <span class='ocrx_word' id='word_1_6' title='bbox 964 1523 1029 1564; x_wconf 90' lang='lat' dir='ltr'>ma·</span> <span class='ocrx_word' id='word_1_7' title='bbox 1064 1515 1115 1566; x_wconf 91' lang='lat' dir='ltr'>tus</span> <span class='ocrx_word' id='word_1_8' title='bbox 1144 1503 1320 1579; x_wconf 83' lang='lat' dir='ltr'>celebrati,</span> <span class='ocrx_word' id='word_1_9' title='bbox 1349 1515 1384 1566; x_wconf 91' lang='lat' dir='ltr'>ut</span> <span class='ocrx_word' id='word_1_10' title='bbox 1407 1503 1511 1566; x_wconf 81' lang='lat' dir='ltr'>innuit</span> <span class='ocrx_word' id='word_1_11' title='bbox 1532 1503 1698 1568; x_wconf 87' lang='lat' dir='ltr'>Diodorus</span> <span class='ocrx_word' id='word_1_12' title='bbox 1713 1503 1758 1588; x_wconf 80' lang='lat' dir='ltr'>t),</span> <span class='ocrx_word' id='word_1_13' title='bbox 1792 1521 1826 1571; x_wconf 82' lang='lat' dir='ltr'>st</span> 
     </span>
     <span class='ocr_line' id='line_1_3' title="bbox 264 1587 1826 1689; baseline 0.004 -25"><span class='ocrx_word' id='word_1_14' title='bbox 264 1603 366 1680; x_wconf 79' lang='lat' dir='ltr'>xime,</span> <span class='ocrx_word' id='word_1_15' title='bbox 398 1595 629 1689; x_wconf 83' lang='lat' dir='ltr'>antiquissimis</span> <span class='ocrx_word' id='word_1_16' title='bbox 658 1605 860 1686; x_wconf 76' lang='lat' dir='ltr'>temporibus</span> <span class='ocrx_word' id='word_1_17' title='bbox 889 1603 1027 1666; x_wconf 85' lang='lat' dir='ltr'>coloniis</span> <span class='ocrx_word' id='word_1_18' title='bbox 1065 1603 1125 1666; x_wconf 90' lang='lat' dir='ltr'>sub</span> <span class='ocrx_word' id='word_1_19' title='bbox 1141 1605 1392 1688; x_wconf 83' lang='lat' dir='ltr'>imperatoribus</span> <span class='ocrx_word' id='word_1_20' title='bbox 1413 1622 1503 1668; x_wconf 82' lang='lat' dir='ltr'>actua</span> <span class='ocrx_word' id='word_1_21' title='bbox 1520 1609 1616 1670; x_wconf 81' lang='lat' dir='ltr'>seriis</span> <span class='ocrx_word' id='word_1_22' title='bbox 1631 1587 1826 1682; x_wconf 65' lang='lat' dir='ltr'>inertibus,</span> 
     </span>
     <span class='ocr_line' id='line_1_4' title="bbox 263 1702 1825 1789; baseline 0.001 -23"><span class='ocrx_word' id='word_1_23' title='bbox 263 1717 298 1766; x_wconf 91' lang='lat' dir='ltr'>et</span> <span class='ocrx_word' id='word_1_24' title='bbox 319 1705 458 1768; x_wconf 86' lang='lat' dir='ltr'>conditis</span> <span class='ocrx_word' id='word_1_25' title='bbox 475 1705 608 1768; x_wconf 88' lang='lat' dir='ltr'>urbibus</span> <span class='ocrx_word' id='word_1_26' title='bbox 631 1702 753 1766; x_wconf 87' lang='lat' dir='ltr'>ioniam</span> <span class='ocrx_word' id='word_1_27' title='bbox 769 1703 1028 1789; x_wconf 78' lang='lat' dir='ltr'>frequentarunt.</span> <span class='ocrx_word' id='word_1_28' title='bbox 1066 1727 1140 1767; x_wconf 80' lang='lat' dir='ltr'>mox</span> <span class='ocrx_word' id='word_1_29' title='bbox 1156 1705 1350 1771; x_wconf 85' lang='lat' dir='ltr'>videbimus.</span> <span class='ocrx_word' id='word_1_30' title='bbox 1380 1709 1430 1770; x_wconf 83' lang='lat' dir='ltr'>En</span> <span class='ocrx_word' id='word_1_31' title='bbox 1453 1721 1576 1770; x_wconf 81' lang='lat' dir='ltr'>numos</span> <span class='ocrx_word' id='word_1_32' title='bbox 1591 1707 1687 1789; x_wconf 85' lang='lat' dir='ltr'>hujus</span> <span class='ocrx_word' id='word_1_33' title='bbox 1707 1707 1825 1771; x_wconf 82' lang='lat' dir='ltr'>Panio-</span> 
     </span>
     <span class='ocr_line' id='line_1_5' title="bbox 261 1791 1252 1893; baseline 0.002 -26"><span class='ocrx_word' id='word_1_34' title='bbox 261 1805 333 1868; x_wconf 85' lang='lat' dir='ltr'>Hae</span> <span class='ocrx_word' id='word_1_35' title='bbox 356 1809 521 1870; x_wconf 86' lang='lat' dir='ltr'>communi</span> <span class='ocrx_word' id='word_1_36' title='bbox 542 1805 682 1893; x_wconf 86' lang='lat' dir='ltr'>quodam</span> <span class='ocrx_word' id='word_1_37' title='bbox 708 1803 838 1868; x_wconf 81' lang='lat' dir='ltr'>vinculo</span> <span class='ocrx_word' id='word_1_38' title='bbox 861 1821 894 1866; x_wconf 88' lang='lat' dir='ltr'>ot</span> <span class='ocrx_word' id='word_1_39' title='bbox 924 1805 1029 1866; x_wconf 87' lang='lat' dir='ltr'>socic-</span> <span class='ocrx_word' id='word_1_40' title='bbox 1063 1805 1110 1866; x_wconf 88' lang='lat' dir='ltr'>nii</span> <span class='ocrx_word' id='word_1_41' title='bbox 1134 1791 1252 1870; x_wconf 77' lang='lat' dir='ltr'>testes:</span> 
     </span>
    </p>
   </div>
   <div class='ocr_carea' id='block_1_3' title="bbox 257 1901 1955 4316">
    <p class='ocr_par' dir='ltr' id='par_1_3' title="bbox 257 1901 1955 4316">
     <span class='ocr_line' id='line_1_6' title="bbox 262 1901 1824 1990; baseline 0.002 -21"><span class='ocrx_word' id='word_1_42' title='bbox 262 1922 328 1970; x_wconf 86' lang='lat' dir='ltr'>tate</span> <span class='ocrx_word' id='word_1_43' title='bbox 345 1909 433 1971; x_wconf 89' lang='lat' dir='ltr'>inter</span> <span class='ocrx_word' id='word_1_44' title='bbox 450 1929 485 1970; x_wconf 87' lang='lat' dir='ltr'>se</span> <span class='ocrx_word' id='word_1_45' title='bbox 508 1909 705 1978; x_wconf 75' lang='lat' dir='ltr'>cohaesere,</span> <span class='ocrx_word' id='word_1_46' title='bbox 735 1926 799 1990; x_wconf 85' lang='lat' dir='ltr'>quo</span> <span class='ocrx_word' id='word_1_47' title='bbox 823 1903 961 1979; x_wconf 87' lang='lat' dir='ltr'>sactum,</span> <span class='ocrx_word' id='word_1_48' title='bbox 993 1917 1028 1964; x_wconf 86' lang='lat' dir='ltr'>ut</span> <span class='ocrx_word' id='word_1_49' title='bbox 1105 1901 1824 1976; x_wconf 81' lang='grc' dir='ltr'><strong>ΚΟΙΝΟΝ.1Γ.ΠΟΛΕΩΝ.ΠΡΟΔ1.ΟΝ.</strong></span> 
     </span>
     <span class='ocr_line' id='line_1_7' title="bbox 263 2002 1861 2074; baseline -0.001 -4"><span class='ocrx_word' id='word_1_50' title='bbox 263 2024 296 2072; x_wconf 91' lang='lat' dir='ltr'>et</span> <span class='ocrx_word' id='word_1_51' title='bbox 314 2026 494 2074; x_wconf 80' lang='lat' dir='ltr'>conventus</span> <span class='ocrx_word' id='word_1_52' title='bbox 516 2025 548 2072; x_wconf 91' lang='lat' dir='ltr'>et</span> <span class='ocrx_word' id='word_1_53' title='bbox 569 2008 651 2072; x_wconf 81' lang='lat' dir='ltr'>festa</span> <span class='ocrx_word' id='word_1_54' title='bbox 673 2004 890 2072; x_wconf 85' lang='lat' dir='ltr'>communiter</span> <span class='ocrx_word' id='word_1_55' title='bbox 909 2007 1028 2069; x_wconf 84' lang='lat' dir='ltr'>consti·</span> <span class='ocrx_word' id='word_1_56' title='bbox 1062 2002 1467 2074; x_wconf 78' lang='lat' dir='ltr'>rtn.‹t›PONTttttoc‚</span> <span class='ocrx_word' id='word_1_57' title='bbox 1481 2003 1826 2073; x_wconf 67' lang='lat' dir='ltr'>scrat’xomst.</span> <span class='ocrx_word' id='word_1_58' title='bbox 1858 2019 1861 2025; x_wconf 89' lang='lat'>&#39;</span> 
     </span>
     <span class='ocr_line' id='line_1_8' title="bbox 263 2103 1827 2196; baseline 0.001 -25"><span class='ocrx_word' id='word_1_59' title='bbox 263 2125 412 2186; x_wconf 90' lang='lat' dir='ltr'>tuerent,</span> <span class='ocrx_word' id='word_1_60' title='bbox 433 2131 515 2196; x_wconf 87' lang='lat' dir='ltr'>quas</span> <span class='ocrx_word' id='word_1_61' title='bbox 537 2111 697 2175; x_wconf 82' lang='lat' dir='ltr'>Panionia</span> <span class='ocrx_word' id='word_1_62' title='bbox 715 2107 922 2172; x_wconf 83' lang='lat' dir='ltr'>vocabantur.</span> <span class='ocrx_word' id='word_1_63' title='bbox 950 2107 1029 2168; x_wconf 84' lang='lat' dir='ltr'>llio·</span> <span class='ocrx_word' id='word_1_64' title='bbox 1066 2103 1629 2176; x_wconf 62' lang='grc' dir='ltr'><strong>ΑΡΧΙΕΡΕΩΟᾸΓΙΙΟΛΕΩΝ.</strong></span> <span class='ocrx_word' id='word_1_65' title='bbox 1648 2113 1827 2173; x_wconf 82' lang='lat' dir='ltr'>PlatoPra·</span> 
     </span>
     <span class='ocr_line' id='line_1_9' title="bbox 263 2207 1955 2287; baseline 0.001 -17"><span class='ocrx_word' id='word_1_66' title='bbox 263 2207 510 2275; x_wconf 72' lang='lat' dir='ltr'>dorusSiculus</span> <span class='ocrx_word' id='word_1_67' title='bbox 532 2211 572 2274; x_wconf 90' lang='lat' dir='ltr'>ad</span> <span class='ocrx_word' id='word_1_68' title='bbox 593 2232 712 2274; x_wconf 88' lang='lat' dir='ltr'>sunum</span> <span class='ocrx_word' id='word_1_69' title='bbox 729 2209 771 2276; x_wconf 82' lang='lat' dir='ltr'>V.</span> <span class='ocrx_word' id='word_1_70' title='bbox 795 2211 832 2273; x_wconf 85' lang='lat' dir='ltr'>C.</span> <span class='ocrx_word' id='word_1_71' title='bbox 859 2207 931 2272; x_wconf 76' lang='lat'>381,</span> <span class='ocrx_word' id='word_1_72' title='bbox 955 2227 1026 2270; x_wconf 89' lang='lat' dir='ltr'>earn</span> <span class='ocrx_word' id='word_1_73' title='bbox 1063 2211 1223 2287; x_wconf 74' lang='lat' dir='ltr'>carpinum</span> <span class='ocrx_word' id='word_1_74' title='bbox 1235 2215 1373 2285; x_wconf 83' lang='lat' dir='ltr'>rapiens,</span> <span class='ocrx_word' id='word_1_75' title='bbox 1397 2212 1430 2272; x_wconf 92' lang='lat' dir='ltr'>in</span> <span class='ocrx_word' id='word_1_76' title='bbox 1451 2211 1535 2272; x_wconf 81' lang='lat' dir='ltr'>alio:</span> <span class='ocrx_word' id='word_1_77' title='bbox 1559 2213 1829 2272; x_wconf 82' lang='lat' dir='ltr'>Herculeasedem</span> <span class='ocrx_word' id='word_1_78' title='bbox 1952 2251 1955 2258; x_wconf 39' lang='grc' dir='ltr'><strong><em>ι</em></strong></span> 
     </span>
     <span class='ocr_line' id='line_1_10' title="bbox 264 2307 1825 2387; baseline 0.001 -17"><span class='ocrx_word' id='word_1_79' title='bbox 264 2311 452 2375; x_wconf 86' lang='lat' dir='ltr'>societatem</span> <span class='ocrx_word' id='word_1_80' title='bbox 469 2335 510 2375; x_wconf 81' lang='lat' dir='ltr'>ex</span> <span class='ocrx_word' id='word_1_81' title='bbox 523 2311 724 2380; x_wconf 78' lang='lat' dir='ltr'>lX.urbibus</span> <span class='ocrx_word' id='word_1_82' title='bbox 748 2309 932 2372; x_wconf 77' lang='lat' dir='ltr'>constitisse</span> <span class='ocrx_word' id='word_1_83' title='bbox 947 2307 1026 2371; x_wconf 86' lang='lat' dir='ltr'>seri·</span> <span class='ocrx_word' id='word_1_84' title='bbox 1061 2313 1268 2387; x_wconf 79' lang='lat' dir='ltr'>adblanditur</span> <span class='ocrx_word' id='word_1_85' title='bbox 1283 2317 1426 2374; x_wconf 78' lang='lat' dir='ltr'>adstanti</span> <span class='ocrx_word' id='word_1_86' title='bbox 1442 2313 1580 2385; x_wconf 82' lang='lat' dir='ltr'>mulieri,</span> <span class='ocrx_word' id='word_1_87' title='bbox 1592 2309 1624 2370; x_wconf 89' lang='lat' dir='ltr'>in</span> <span class='ocrx_word' id='word_1_88' title='bbox 1641 2310 1715 2378; x_wconf 77' lang='lat' dir='ltr'>allo:</span> <span class='ocrx_word' id='word_1_89' title='bbox 1735 2315 1825 2373; x_wconf 83' lang='lat' dir='ltr'>Ceret</span> 
     </span>
     <span class='ocr_line' id='line_1_11' title="bbox 265 2409 1823 2497; baseline 0 -24"><span class='ocrx_word' id='word_1_90' title='bbox 265 2411 374 2492; x_wconf 75' lang='lat' dir='ltr'>hitt),</span> <span class='ocrx_word' id='word_1_91' title='bbox 397 2433 476 2497; x_wconf 86' lang='lat' dir='ltr'>quas</span> <span class='ocrx_word' id='word_1_92' title='bbox 499 2427 606 2476; x_wconf 81' lang='lat' dir='ltr'>tamen</span> <span class='ocrx_word' id='word_1_93' title='bbox 638 2431 702 2473; x_wconf 88' lang='lat' dir='ltr'>non</span> <span class='ocrx_word' id='word_1_94' title='bbox 730 2412 884 2473; x_wconf 89' lang='lat' dir='ltr'>nominat.</span> <span class='ocrx_word' id='word_1_95' title='bbox 937 2411 1025 2470; x_wconf 90' lang='lat' dir='ltr'>Duo·</span> <span class='ocrx_word' id='word_1_96' title='bbox 1061 2409 1096 2474; x_wconf 71' lang='grc' dir='ltr'>ἐπ’</span> <span class='ocrx_word' id='word_1_97' title='bbox 1110 2421 1287 2491; x_wconf 73' lang='lat' dir='ltr'>serpentum</span> <span class='ocrx_word' id='word_1_98' title='bbox 1301 2415 1395 2492; x_wconf 75' lang='lat' dir='ltr'>diple,</span> <span class='ocrx_word' id='word_1_99' title='bbox 1417 2415 1449 2473; x_wconf 88' lang='lat' dir='ltr'>in</span> <span class='ocrx_word' id='word_1_100' title='bbox 1468 2411 1571 2474; x_wconf 83' lang='lat' dir='ltr'>numia</span> <span class='ocrx_word' id='word_1_101' title='bbox 1586 2413 1659 2474; x_wconf 85' lang='lat' dir='ltr'>Ant.</span> <span class='ocrx_word' id='word_1_102' title='bbox 1676 2411 1739 2476; x_wconf 88' lang='lat' dir='ltr'>Pii.</span> <span class='ocrx_word' id='word_1_103' title='bbox 1755 2411 1823 2473; x_wconf 78' lang='lat' dir='ltr'>att</span> 
     </span>
     <span class='ocr_line' id='line_1_12' title="bbox 264 2509 1822 2596; baseline 0.001 -22"><span class='ocrx_word' id='word_1_104' title='bbox 264 2511 369 2575; x_wconf 88' lang='lat' dir='ltr'>decim</span> <span class='ocrx_word' id='word_1_105' title='bbox 409 2529 579 2576; x_wconf 88' lang='lat' dir='ltr'>enumerat</span> <span class='ocrx_word' id='word_1_106' title='bbox 607 2509 827 2591; x_wconf 58' lang='lat' dir='ltr'>eetiannsbp</span> <span class='ocrx_word' id='word_1_107' title='bbox 864 2510 1024 2581; x_wconf 79' lang='lat' dir='ltr'>Miletum,</span> <span class='ocrx_word' id='word_1_108' title='bbox 1061 2533 1106 2574; x_wconf 87' lang='lat' dir='ltr'>m.</span> <span class='ocrx_word' id='word_1_109' title='bbox 1124 2533 1166 2591; x_wconf 83' lang='lat' dir='ltr'>m.</span> <span class='ocrx_word' id='word_1_110' title='bbox 1184 2513 1298 2591; x_wconf 82' lang='lat' dir='ltr'>(Vaill.</span> <span class='ocrx_word' id='word_1_111' title='bbox 1314 2517 1411 2578; x_wconf 86' lang='lat' dir='ltr'>Num.</span> <span class='ocrx_word' id='word_1_112' title='bbox 1427 2511 1485 2578; x_wconf 86' lang='lat' dir='ltr'>Gr.</span> <span class='ocrx_word' id='word_1_113' title='bbox 1501 2525 1535 2596; x_wconf 89' lang='lat' dir='ltr'>p.</span> <span class='ocrx_word' id='word_1_114' title='bbox 1554 2526 1606 2590; x_wconf 72' lang='lat'>47.</span> <span class='ocrx_word' id='word_1_115' title='bbox 1621 2513 1662 2574; x_wconf 90' lang='lat' dir='ltr'>de</span> <span class='ocrx_word' id='word_1_116' title='bbox 1677 2512 1822 2596; x_wconf 75' lang='lat' dir='ltr'>Campa.)</span> 
     </span>
     <span class='ocr_line' id='line_1_13' title="bbox 263 2609 1824 2698; baseline 0 -24"><span class='ocrx_word' id='word_1_117' title='bbox 263 2613 448 2694; x_wconf 83' lang='lat' dir='ltr'>Ephesum,</span> <span class='ocrx_word' id='word_1_118' title='bbox 471 2615 648 2698; x_wconf 79' lang='lat' dir='ltr'>Erythras,</span> <span class='ocrx_word' id='word_1_119' title='bbox 671 2613 903 2684; x_wconf 84' lang='lat' dir='ltr'>Clazomenas,</span> <span class='ocrx_word' id='word_1_120' title='bbox 934 2611 1025 2672; x_wconf 87' lang='lat' dir='ltr'>Prie·</span> <span class='ocrx_word' id='word_1_121' title='bbox 1066 2609 1072 2616; x_wconf 84' lang='lat'>&#39;</span> <span class='ocrx_word' id='word_1_122' title='bbox 1106 2617 1227 2674; x_wconf 77' lang='lat' dir='ltr'>Eadem</span> <span class='ocrx_word' id='word_1_123' title='bbox 1241 2619 1418 2694; x_wconf 71' lang='lat' dir='ltr'>epipraplre.</span> <span class='ocrx_word' id='word_1_124' title='bbox 1440 2619 1525 2676; x_wconf 75' lang='lat' dir='ltr'>lano</span> <span class='ocrx_word' id='word_1_125' title='bbox 1543 2614 1691 2676; x_wconf 80' lang='lat' dir='ltr'>Pronuba</span> <span class='ocrx_word' id='word_1_126' title='bbox 1706 2617 1824 2674; x_wconf 82' lang='lat' dir='ltr'>intem·</span> 
     </span>
     <span class='ocr_line' id='line_1_14' title="bbox 262 2712 1824 2797; baseline -0.001 -22"><span class='ocrx_word' id='word_1_127' title='bbox 262 2737 342 2789; x_wconf 87' lang='lat' dir='ltr'>nen,</span> <span class='ocrx_word' id='word_1_128' title='bbox 396 2715 582 2789; x_wconf 80' lang='lat' dir='ltr'>Lebedum,</span> <span class='ocrx_word' id='word_1_129' title='bbox 634 2719 746 2789; x_wconf 82' lang='lat' dir='ltr'>&#39;l&#39;eon‚</span> <span class='ocrx_word' id='word_1_130' title='bbox 790 2712 1026 2797; x_wconf 84' lang='lat' dir='ltr'>Colophonem,</span> <span class='ocrx_word' id='word_1_131' title='bbox 1058 2715 1391 2791; x_wconf 70' lang='lat' dir='ltr'>plateolamaarum,</span> <span class='ocrx_word' id='word_1_132' title='bbox 1415 2715 1447 2774; x_wconf 91' lang='lat' dir='ltr'>in</span> <span class='ocrx_word' id='word_1_133' title='bbox 1463 2715 1545 2774; x_wconf 80' lang='lat' dir='ltr'>alios</span> <span class='ocrx_word' id='word_1_134' title='bbox 1569 2717 1709 2775; x_wconf 83' lang='lat' dir='ltr'>Fortuna</span> <span class='ocrx_word' id='word_1_135' title='bbox 1724 2723 1824 2786; x_wconf 80' lang='lat' dir='ltr'>stans,</span> 
     </span>
     <span class='ocr_line' id='line_1_15' title="bbox 262 2810 1925 2897; baseline -0.001 -23"><span class='ocrx_word' id='word_1_136' title='bbox 262 2811 445 2894; x_wconf 78' lang='lat' dir='ltr'>ldyuntem,</span> <span class='ocrx_word' id='word_1_137' title='bbox 474 2819 678 2889; x_wconf 79' lang='lat' dir='ltr'>Phocaeam,</span> <span class='ocrx_word' id='word_1_138' title='bbox 710 2815 844 2897; x_wconf 77' lang='lat' dir='ltr'>adjectis</span> <span class='ocrx_word' id='word_1_139' title='bbox 868 2813 951 2874; x_wconf 81' lang='lat' dir='ltr'>binis</span> <span class='ocrx_word' id='word_1_140' title='bbox 980 2810 1025 2870; x_wconf 90' lang='lat' dir='ltr'>in·</span> <span class='ocrx_word' id='word_1_141' title='bbox 1062 2811 1095 2874; x_wconf 90' lang='lat' dir='ltr'>in</span> <span class='ocrx_word' id='word_1_142' title='bbox 1111 2813 1217 2874; x_wconf 89' lang='lat' dir='ltr'>numis</span> <span class='ocrx_word' id='word_1_143' title='bbox 1237 2815 1281 2873; x_wconf 87' lang='grc' dir='ltr'>Μ.</span> <span class='ocrx_word' id='word_1_144' title='bbox 1299 2815 1425 2876; x_wconf 81' lang='lat' dir='ltr'>Aurelii</span> <span class='ocrx_word' id='word_1_145' title='bbox 1443 2815 1548 2876; x_wconf 90' lang='lat' dir='ltr'>adhuc</span> <span class='ocrx_word' id='word_1_146' title='bbox 1572 2813 1728 2875; x_wconf 84' lang='lat' dir='ltr'>Caesaris.</span> <span class='ocrx_word' id='word_1_147' title='bbox 1756 2813 1822 2874; x_wconf 82' lang='grc' dir='ltr'>ΔΕ.</span> <span class='ocrx_word' id='word_1_148' title='bbox 1918 2837 1925 2850; x_wconf 91' lang='grc'><em>·</em></span> 
     </span>
     <span class='ocr_line' id='line_1_16' title="bbox 262 2913 1670 3000; baseline 0.001 -24"><span class='ocrx_word' id='word_1_149' title='bbox 262 2916 341 2978; x_wconf 87' lang='lat' dir='ltr'>solis</span> <span class='ocrx_word' id='word_1_150' title='bbox 365 2917 461 2980; x_wconf 88' lang='lat' dir='ltr'>Samo</span> <span class='ocrx_word' id='word_1_151' title='bbox 484 2932 517 2980; x_wconf 89' lang='lat' dir='ltr'>et</span> <span class='ocrx_word' id='word_1_152' title='bbox 539 2918 631 2981; x_wconf 87' lang='lat' dir='ltr'>Chio.</span> <span class='ocrx_word' id='word_1_153' title='bbox 655 2917 793 2978; x_wconf 86' lang='lat' dir='ltr'>Easdem</span> <span class='ocrx_word' id='word_1_154' title='bbox 816 2913 1026 3000; x_wconf 80' lang='lat' dir='ltr'>persequitur</span> <span class='ocrx_word' id='word_1_155' title='bbox 1062 2933 1105 2976; x_wconf 87' lang='lat' dir='ltr'>m.</span> <span class='ocrx_word' id='word_1_156' title='bbox 1123 2934 1164 2972; x_wconf 89' lang='lat' dir='ltr'>m.</span> <span class='ocrx_word' id='word_1_157' title='bbox 1182 2913 1296 2991; x_wconf 70' lang='lat' dir='ltr'>(tritt.</span> <span class='ocrx_word' id='word_1_158' title='bbox 1311 2917 1406 2976; x_wconf 87' lang='lat' dir='ltr'>Num.</span> <span class='ocrx_word' id='word_1_159' title='bbox 1424 2915 1541 2978; x_wconf 85' lang='lat' dir='ltr'>Graec.</span> <span class='ocrx_word' id='word_1_160' title='bbox 1558 2936 1586 2995; x_wconf 89' lang='lat' dir='ltr'>p.</span> <span class='ocrx_word' id='word_1_161' title='bbox 1603 2915 1670 2992; x_wconf 72' lang='lat' dir='ltr'>du.)</span> 
     </span>
     <span class='ocr_line' id='line_1_17' title="bbox 262 3007 1851 3102; baseline -0.003 -24"><span class='ocrx_word' id='word_1_162' title='bbox 262 3017 452 3092; x_wconf 86' lang='lat' dir='ltr'>Herodotus</span> <span class='ocrx_word' id='word_1_163' title='bbox 468 3021 508 3100; x_wconf 82' lang='lat' dir='ltr'>c),</span> <span class='ocrx_word' id='word_1_164' title='bbox 533 3033 565 3081; x_wconf 85' lang='lat' dir='ltr'>et</span> <span class='ocrx_word' id='word_1_165' title='bbox 581 3018 698 3082; x_wconf 79' lang='lat' dir='ltr'>Strabo</span> <span class='ocrx_word' id='word_1_166' title='bbox 716 3017 760 3093; x_wconf 87' lang='lat' dir='ltr'>d),</span> <span class='ocrx_word' id='word_1_167' title='bbox 793 3018 847 3102; x_wconf 91' lang='lat' dir='ltr'>qui</span> <span class='ocrx_word' id='word_1_168' title='bbox 870 3032 902 3080; x_wconf 90' lang='lat' dir='ltr'>et</span> <span class='ocrx_word' id='word_1_169' title='bbox 924 3013 1024 3090; x_wconf 91' lang='lat' dir='ltr'>addit,</span> <span class='ocrx_word' id='word_1_170' title='bbox 1103 3007 1298 3079; x_wconf 83' lang='lat' dir='ltr'>Vaillantias</span> <span class='ocrx_word' id='word_1_171' title='bbox 1325 3017 1480 3077; x_wconf 82' lang='lat' dir='ltr'>vocabula</span> <span class='ocrx_word' id='word_1_172' title='bbox 1501 3011 1653 3081; x_wconf 76' lang='lat' dir='ltr'>ntoet.</span> <span class='ocrx_word' id='word_1_173' title='bbox 1675 3013 1751 3078; x_wconf 91' lang='grc' dir='ltr'>ΟΝ.</span> <span class='ocrx_word' id='word_1_174' title='bbox 1772 3033 1851 3076; x_wconf 83' lang='lat' dir='ltr'>ex·-</span> 
     </span>
     <span class='ocr_line' id='line_1_18' title="bbox 265 3111 1825 3204; baseline -0.001 -26"><span class='ocrx_word' id='word_1_175' title='bbox 265 3115 376 3203; x_wconf 78' lang='lat' dir='ltr'>poste‘n</span> <span class='ocrx_word' id='word_1_176' title='bbox 399 3121 558 3204; x_wconf 83' lang='lat' dir='ltr'>temporis</span> <span class='ocrx_word' id='word_1_177' title='bbox 588 3120 767 3184; x_wconf 80' lang='lat' dir='ltr'>adsumtum</span> <span class='ocrx_word' id='word_1_178' title='bbox 790 3119 822 3180; x_wconf 89' lang='lat' dir='ltr'>in</span> <span class='ocrx_word' id='word_1_179' title='bbox 849 3140 924 3180; x_wconf 89' lang='lat' dir='ltr'>eum</span> <span class='ocrx_word' id='word_1_180' title='bbox 949 3137 1026 3181; x_wconf 89' lang='lat' dir='ltr'>con·</span> <span class='ocrx_word' id='word_1_181' title='bbox 1062 3115 1178 3198; x_wconf 89' lang='lat' dir='ltr'>plicat:</span> <span class='ocrx_word' id='word_1_182' title='bbox 1211 3111 1387 3177; x_wconf 76' lang='lat' dir='ltr'>HPOAlss</span> <span class='ocrx_word' id='word_1_183' title='bbox 1412 3115 1547 3191; x_wconf 82' lang='grc' dir='ltr'><em>ΟΝτος,</em></span> <span class='ocrx_word' id='word_1_184' title='bbox 1577 3129 1725 3181; x_wconf 77' lang='lat' dir='ltr'>curatore</span> <span class='ocrx_word' id='word_1_185' title='bbox 1757 3121 1825 3179; x_wconf 73' lang='lat' dir='ltr'>eas·-</span> 
     </span>
     <span class='ocr_line' id='line_1_19' title="bbox 264 3216 1824 3302; baseline -0.002 -22"><span class='ocrx_word' id='word_1_186' title='bbox 264 3235 393 3282; x_wconf 79' lang='lat' dir='ltr'>sentum</span> <span class='ocrx_word' id='word_1_187' title='bbox 426 3223 614 3302; x_wconf 79' lang='lat' dir='ltr'>Smyrnam,</span> <span class='ocrx_word' id='word_1_188' title='bbox 647 3221 738 3302; x_wconf 81' lang='lat' dir='ltr'>cujus</span> <span class='ocrx_word' id='word_1_189' title='bbox 769 3221 896 3284; x_wconf 89' lang='lat' dir='ltr'>incolae</span> <span class='ocrx_word' id='word_1_190' title='bbox 932 3231 1025 3280; x_wconf 88' lang='lat' dir='ltr'>antea</span> <span class='ocrx_word' id='word_1_191' title='bbox 1061 3227 1171 3279; x_wconf 82' lang='lat' dir='ltr'>stante.</span> <span class='ocrx_word' id='word_1_192' title='bbox 1217 3216 1341 3278; x_wconf 87' lang='lat' dir='ltr'>Verum</span> <span class='ocrx_word' id='word_1_193' title='bbox 1365 3217 1519 3280; x_wconf 87' lang='lat' dir='ltr'>obturbat</span> <span class='ocrx_word' id='word_1_194' title='bbox 1542 3217 1739 3278; x_wconf 87' lang='lat' dir='ltr'>rarissimum</span> <span class='ocrx_word' id='word_1_195' title='bbox 1763 3235 1824 3300; x_wconf 87' lang='lat' dir='ltr'>per</span> 
     </span>
     <span class='ocr_line' id='line_1_20' title="bbox 261 3308 1825 3403; baseline -0.003 -22"><span class='ocrx_word' id='word_1_196' title='bbox 261 3341 321 3381; x_wconf 91' lang='lat' dir='ltr'>una</span> <span class='ocrx_word' id='word_1_197' title='bbox 341 3342 414 3382; x_wconf 90' lang='lat' dir='ltr'>eum</span> <span class='ocrx_word' id='word_1_198' title='bbox 430 3321 581 3400; x_wconf 87' lang='lat' dir='ltr'>Ephesiis</span> <span class='ocrx_word' id='word_1_199' title='bbox 597 3322 796 3394; x_wconf 80' lang='lat' dir='ltr'>habitavere,</span> <span class='ocrx_word' id='word_1_200' title='bbox 820 3317 1026 3403; x_wconf 89' lang='lat' dir='ltr'>sieutEphe·</span> <span class='ocrx_word' id='word_1_201' title='bbox 1062 3315 1237 3378; x_wconf 75' lang='lat' dir='ltr'>Bellantem</span> <span class='ocrx_word' id='word_1_202' title='bbox 1260 3319 1452 3380; x_wconf 78' lang='lat' dir='ltr'>vocabulum</span> <span class='ocrx_word' id='word_1_203' title='bbox 1475 3308 1633 3394; x_wconf 69' lang='lat' dir='ltr'>aeodrsoe,</span> <span class='ocrx_word' id='word_1_204' title='bbox 1659 3330 1825 3395; x_wconf 79' lang='lat' dir='ltr'>petranus,</span> 
     </span>
     <span class='ocr_line' id='line_1_21' title="bbox 261 3417 1824 3506; baseline -0.001 -24"><span class='ocrx_word' id='word_1_205' title='bbox 261 3443 313 3482; x_wconf 87' lang='lat' dir='ltr'>sus</span> <span class='ocrx_word' id='word_1_206' title='bbox 336 3423 431 3483; x_wconf 86' lang='lat' dir='ltr'>etiam</span> <span class='ocrx_word' id='word_1_207' title='bbox 456 3427 611 3502; x_wconf 78' lang='lat' dir='ltr'>Smyrnae</span> <span class='ocrx_word' id='word_1_208' title='bbox 634 3441 752 3484; x_wconf 89' lang='lat' dir='ltr'>nomen</span> <span class='ocrx_word' id='word_1_209' title='bbox 776 3422 926 3504; x_wconf 79' lang='lat' dir='ltr'>gesserit.</span> <span class='ocrx_word' id='word_1_210' title='bbox 963 3421 1026 3481; x_wconf 86' lang='lat' dir='ltr'>Ha·</span> <span class='ocrx_word' id='word_1_211' title='bbox 1061 3429 1206 3492; x_wconf 81' lang='lat' dir='ltr'>curator,</span> <span class='ocrx_word' id='word_1_212' title='bbox 1229 3417 1317 3506; x_wconf 87' lang='lat' dir='ltr'>quod</span> <span class='ocrx_word' id='word_1_213' title='bbox 1338 3418 1468 3501; x_wconf 85' lang='lat' dir='ltr'>judiciis</span> <span class='ocrx_word' id='word_1_214' title='bbox 1492 3419 1684 3480; x_wconf 80' lang='lat' dir='ltr'>exercendis</span> <span class='ocrx_word' id='word_1_215' title='bbox 1708 3419 1824 3499; x_wconf 86' lang='lat' dir='ltr'>aptius,</span> 
     </span>
     <span class='ocr_line' id='line_1_22' title="bbox 266 3517 1825 3604; baseline -0.001 -22"><span class='ocrx_word' id='word_1_216' title='bbox 266 3521 380 3584; x_wconf 88' lang='lat' dir='ltr'>bemus</span> <span class='ocrx_word' id='word_1_217' title='bbox 403 3543 483 3604; x_wconf 76' lang='lat' dir='ltr'>crgo</span> <span class='ocrx_word' id='word_1_218' title='bbox 508 3522 654 3584; x_wconf 77' lang='lat' dir='ltr'>foederis</span> <span class='ocrx_word' id='word_1_219' title='bbox 678 3521 778 3583; x_wconf 87' lang='lat' dir='ltr'>ionici</span> <span class='ocrx_word' id='word_1_220' title='bbox 803 3521 903 3584; x_wconf 84' lang='lat' dir='ltr'>urbes</span> <span class='ocrx_word' id='word_1_221' title='bbox 937 3521 1025 3582; x_wconf 84' lang='grc'><strong>11111.</strong></span> <span class='ocrx_word' id='word_1_222' title='bbox 1062 3539 1156 3602; x_wconf 88' lang='lat' dir='ltr'>quam</span> <span class='ocrx_word' id='word_1_223' title='bbox 1189 3521 1280 3582; x_wconf 84' lang='lat' dir='ltr'>lestis</span> <span class='ocrx_word' id='word_1_224' title='bbox 1312 3525 1428 3603; x_wconf 84' lang='lat' dir='ltr'>munus</span> <span class='ocrx_word' id='word_1_225' title='bbox 1459 3521 1569 3582; x_wconf 89' lang='lat' dir='ltr'>neseio</span> <span class='ocrx_word' id='word_1_226' title='bbox 1599 3517 1676 3603; x_wconf 91' lang='lat' dir='ltr'>quid</span> <span class='ocrx_word' id='word_1_227' title='bbox 1699 3519 1761 3580; x_wconf 89' lang='lat' dir='ltr'>sibi</span> <span class='ocrx_word' id='word_1_228' title='bbox 1783 3519 1825 3582; x_wconf 85' lang='lat' dir='ltr'>ad</span> 
     </span>
     <span class='ocr_line' id='line_1_23' title="bbox 263 3610 1825 3702; baseline 0 -18"><span class='ocrx_word' id='word_1_229' title='bbox 263 3623 370 3684; x_wconf 86' lang='lat' dir='ltr'>Porro</span> <span class='ocrx_word' id='word_1_230' title='bbox 393 3637 573 3684; x_wconf 79' lang='lat' dir='ltr'>conventus</span> <span class='ocrx_word' id='word_1_231' title='bbox 596 3624 630 3684; x_wconf 91' lang='lat' dir='ltr'>hi</span> <span class='ocrx_word' id='word_1_232' title='bbox 655 3624 717 3686; x_wconf 88' lang='lat' dir='ltr'>acti</span> <span class='ocrx_word' id='word_1_233' title='bbox 739 3622 834 3684; x_wconf 82' lang='lat' dir='ltr'>luere</span> <span class='ocrx_word' id='word_1_234' title='bbox 856 3624 895 3684; x_wconf 91' lang='lat' dir='ltr'>ad</span> <span class='ocrx_word' id='word_1_235' title='bbox 918 3626 1025 3702; x_wconf 84' lang='lat' dir='ltr'>ldyca·</span> <span class='ocrx_word' id='word_1_236' title='bbox 1062 3610 1251 3684; x_wconf 88' lang='lat' dir='ltr'>communes</span> <span class='ocrx_word' id='word_1_237' title='bbox 1274 3621 1384 3683; x_wconf 86' lang='lat' dir='ltr'>leniae</span> <span class='ocrx_word' id='word_1_238' title='bbox 1407 3633 1586 3682; x_wconf 85' lang='lat' dir='ltr'>conventus</span> <span class='ocrx_word' id='word_1_239' title='bbox 1605 3622 1695 3685; x_wconf 84' lang='lat' dir='ltr'>velit.</span> <span class='ocrx_word' id='word_1_240' title='bbox 1740 3621 1825 3685; x_wconf 86' lang='lat' dir='ltr'>illud</span> 
     </span>
     <span class='ocr_line' id='line_1_24' title="bbox 261 3720 1824 3807; baseline 0 -22"><span class='ocrx_word' id='word_1_241' title='bbox 261 3722 316 3786; x_wconf 82' lang='lat' dir='ltr'>len</span> <span class='ocrx_word' id='word_1_242' title='bbox 342 3745 445 3807; x_wconf 83' lang='lat' dir='ltr'>prope</span> <span class='ocrx_word' id='word_1_243' title='bbox 474 3725 634 3797; x_wconf 84' lang='lat' dir='ltr'>Prienen,</span> <span class='ocrx_word' id='word_1_244' title='bbox 665 3725 720 3807; x_wconf 88' lang='lat' dir='ltr'>qui</span> <span class='ocrx_word' id='word_1_245' title='bbox 750 3721 810 3784; x_wconf 82' lang='lat' dir='ltr'>init</span> <span class='ocrx_word' id='word_1_246' title='bbox 840 3723 933 3786; x_wconf 86' lang='lat' dir='ltr'>locus</span> <span class='ocrx_word' id='word_1_247' title='bbox 962 3727 1026 3786; x_wconf 85' lang='lat' dir='ltr'>Ne·</span> <span class='ocrx_word' id='word_1_248' title='bbox 1062 3721 1158 3783; x_wconf 87' lang='lat' dir='ltr'>etism</span> <span class='ocrx_word' id='word_1_249' title='bbox 1184 3724 1316 3794; x_wconf 87' lang='lat' dir='ltr'>mirum,</span> <span class='ocrx_word' id='word_1_250' title='bbox 1340 3720 1479 3786; x_wconf 86' lang='lat' dir='ltr'>eundem</span> <span class='ocrx_word' id='word_1_251' title='bbox 1503 3723 1703 3786; x_wconf 89' lang='lat' dir='ltr'>Frontonem</span> <span class='ocrx_word' id='word_1_252' title='bbox 1727 3724 1824 3786; x_wconf 85' lang='lat' dir='ltr'>simul</span> 
     </span>
     <span class='ocr_line' id='line_1_25' title="bbox 260 3822 1825 3908; baseline 0.001 -22"><span class='ocrx_word' id='word_1_253' title='bbox 260 3839 361 3905; x_wconf 86' lang='lat' dir='ltr'>ptuno</span> <span class='ocrx_word' id='word_1_254' title='bbox 387 3825 562 3888; x_wconf 84' lang='lat' dir='ltr'>Heliconia</span> <span class='ocrx_word' id='word_1_255' title='bbox 587 3845 700 3899; x_wconf 87' lang='lat' dir='ltr'>sacer,</span> <span class='ocrx_word' id='word_1_256' title='bbox 723 3822 892 3908; x_wconf 85' lang='lat' dir='ltr'>dictusque</span> <span class='ocrx_word' id='word_1_257' title='bbox 910 3829 1025 3888; x_wconf 77' lang='lat' dir='ltr'>Panio-</span> <span class='ocrx_word' id='word_1_258' title='bbox 1062 3838 1233 3904; x_wconf 85' lang='lat' dir='ltr'>patronum</span> <span class='ocrx_word' id='word_1_259' title='bbox 1277 3824 1390 3887; x_wconf 90' lang='lat' dir='ltr'>nescio</span> <span class='ocrx_word' id='word_1_260' title='bbox 1431 3845 1546 3908; x_wconf 84' lang='lat' dir='ltr'>quern,</span> <span class='ocrx_word' id='word_1_261' title='bbox 1591 3824 1687 3886; x_wconf 87' lang='lat' dir='ltr'>simul</span> <span class='ocrx_word' id='word_1_262' title='bbox 1717 3825 1825 3888; x_wconf 79' lang='lat' dir='ltr'>Asiar-</span> 
     </span>
     <span class='ocr_line' id='line_1_26' title="bbox 257 3923 1826 4001; baseline -0.001 -12"><span class='ocrx_word' id='word_1_263' title='bbox 257 3929 361 3998; x_wconf 71' lang='lat' dir='ltr'>ut&#39;um,</span> <span class='ocrx_word' id='word_1_264' title='bbox 385 3937 418 3987; x_wconf 86' lang='lat' dir='ltr'>et</span> <span class='ocrx_word' id='word_1_265' title='bbox 446 3927 526 3988; x_wconf 80' lang='lat' dir='ltr'>festa</span> <span class='ocrx_word' id='word_1_266' title='bbox 551 3930 765 4001; x_wconf 70' lang='lat' dir='ltr'>teutoniae).</span> <span class='ocrx_word' id='word_1_267' title='bbox 811 3923 1023 3986; x_wconf 84' lang='lat' dir='ltr'>Sacrificaba-</span> <span class='ocrx_word' id='word_1_268' title='bbox 1062 3927 1174 4000; x_wconf 84' lang='lat' dir='ltr'>elram,</span> <span class='ocrx_word' id='word_1_269' title='bbox 1197 3942 1227 3985; x_wconf 90' lang='lat' dir='ltr'>et</span> <span class='ocrx_word' id='word_1_270' title='bbox 1246 3947 1405 3987; x_wconf 87' lang='lat' dir='ltr'>summum</span> <span class='ocrx_word' id='word_1_271' title='bbox 1429 3927 1633 3989; x_wconf 79' lang='lat' dir='ltr'>sacerdotem</span> <span class='ocrx_word' id='word_1_272' title='bbox 1657 3923 1733 3989; x_wconf 85' lang='lat' dir='ltr'>dici.</span> <span class='ocrx_word' id='word_1_273' title='bbox 1763 3925 1826 3988; x_wconf 78' lang='lat' dir='ltr'>Ae-</span> 
     </span>
     <span class='ocr_line' id='line_1_27' title="bbox 260 4021 1851 4110; baseline 0.001 -24"><span class='ocrx_word' id='word_1_274' title='bbox 260 4041 313 4087; x_wconf 90' lang='lat' dir='ltr'>tur</span> <span class='ocrx_word' id='word_1_275' title='bbox 336 4042 401 4087; x_wconf 88' lang='lat' dir='ltr'>tum</span> <span class='ocrx_word' id='word_1_276' title='bbox 433 4029 464 4086; x_wconf 90' lang='lat' dir='ltr'>in</span> <span class='ocrx_word' id='word_1_277' title='bbox 494 4027 639 4110; x_wconf 81' lang='lat' dir='ltr'>Neptuni</span> <span class='ocrx_word' id='word_1_278' title='bbox 670 4027 828 4088; x_wconf 85' lang='lat' dir='ltr'>honorem</span> <span class='ocrx_word' id='word_1_279' title='bbox 862 4025 939 4098; x_wconf 85' lang='lat' dir='ltr'>bo&#39;s,</span> <span class='ocrx_word' id='word_1_280' title='bbox 970 4029 1024 4108; x_wconf 90' lang='lat' dir='ltr'>qui</span> <span class='ocrx_word' id='word_1_281' title='bbox 1061 4027 1168 4095; x_wconf 88' lang='lat' dir='ltr'>cedit,</span> <span class='ocrx_word' id='word_1_282' title='bbox 1205 4027 1291 4106; x_wconf 85' lang='lat' dir='ltr'>qood</span> <span class='ocrx_word' id='word_1_283' title='bbox 1323 4028 1445 4088; x_wconf 84' lang='lat' dir='ltr'>horum</span> <span class='ocrx_word' id='word_1_284' title='bbox 1486 4046 1658 4088; x_wconf 87' lang='lat' dir='ltr'>numerum</span> <span class='ocrx_word' id='word_1_285' title='bbox 1697 4021 1851 4108; x_wconf 65' lang='lat' dir='ltr'>epigra-¹</span> 
     </span>
     <span class='ocr_line' id='line_1_28' title="bbox 260 4123 1823 4211; baseline 0 -21"><span class='ocrx_word' id='word_1_286' title='bbox 260 4129 287 4190; x_wconf 89' lang='lat' dir='ltr'>si</span> <span class='ocrx_word' id='word_1_287' title='bbox 311 4129 507 4210; x_wconf 65' lang='lat' dir='ltr'>remugiit,*</span> <span class='ocrx_word' id='word_1_288' title='bbox 526 4125 601 4188; x_wconf 85' lang='lat' dir='ltr'>boni</span> <span class='ocrx_word' id='word_1_289' title='bbox 633 4127 750 4188; x_wconf 85' lang='lat' dir='ltr'>ominis</span> <span class='ocrx_word' id='word_1_290' title='bbox 784 4127 858 4188; x_wconf 87' lang='lat' dir='ltr'>loco</span> <span class='ocrx_word' id='word_1_291' title='bbox 886 4125 1026 4187; x_wconf 84' lang='lat' dir='ltr'>habeba·</span> <span class='ocrx_word' id='word_1_292' title='bbox 1063 4127 1125 4210; x_wconf 90' lang='lat' dir='ltr'>plre</span> <span class='ocrx_word' id='word_1_293' title='bbox 1148 4127 1187 4188; x_wconf 91' lang='lat' dir='ltr'>ab</span> <span class='ocrx_word' id='word_1_294' title='bbox 1211 4125 1377 4198; x_wconf 86' lang='lat' dir='ltr'>omnibus,</span> <span class='ocrx_word' id='word_1_295' title='bbox 1401 4127 1456 4211; x_wconf 87' lang='lat' dir='ltr'>qui</span> <span class='ocrx_word' id='word_1_296' title='bbox 1479 4123 1610 4189; x_wconf 89' lang='lat' dir='ltr'>illorum</span> <span class='ocrx_word' id='word_1_297' title='bbox 1632 4130 1823 4204; x_wconf 89' lang='lat' dir='ltr'>meminere&#39;,</span> 
     </span>
     <span class='ocr_line' id='line_1_29' title="bbox 259 4227 1824 4316; baseline 0.001 -27"><span class='ocrx_word' id='word_1_298' title='bbox 259 4227 369 4308; x_wconf 76' lang='lat' dir='ltr'>tur-¹).</span> <span class='ocrx_word' id='word_1_299' title='bbox 391 4231 515 4316; x_wconf 74' lang='lat' dir='ltr'>‘lamen</span> <span class='ocrx_word' id='word_1_300' title='bbox 534 4228 630 4290; x_wconf 82' lang='lat' dir='ltr'>etiam</span> <span class='ocrx_word' id='word_1_301' title='bbox 650 4227 725 4289; x_wconf 85' lang='lat' dir='ltr'>alibi</span> <span class='ocrx_word' id='word_1_302' title='bbox 745 4229 777 4290; x_wconf 81' lang='lat' dir='ltr'>lsi</span> <span class='ocrx_word' id='word_1_303' title='bbox 796 4241 870 4289; x_wconf 89' lang='lat' dir='ltr'>sont</span> <span class='ocrx_word' id='word_1_304' title='bbox 885 4248 1024 4290; x_wconf 60' lang='lat' dir='ltr'>content</span> <span class='ocrx_word' id='word_1_305' title='bbox 1061 4229 1156 4290; x_wconf 80' lang='lat' dir='ltr'>aliter</span> <span class='ocrx_word' id='word_1_306' title='bbox 1188 4227 1347 4308; x_wconf 88' lang='lat' dir='ltr'>proditur.</span> <span class='ocrx_word' id='word_1_307' title='bbox 1395 4229 1450 4291; x_wconf 86' lang='lat' dir='ltr'>Sic</span> <span class='ocrx_word' id='word_1_308' title='bbox 1479 4230 1693 4313; x_wconf 76' lang='lat' dir='ltr'>spanhemius</span> <span class='ocrx_word' id='word_1_309' title='bbox 1722 4229 1824 4314; x_wconf 73' lang='lat' dir='ltr'>legite</span> 
     </span>
    </p>
   </div>
   <div class='ocr_carea' id='block_1_4' title="bbox 271 4367 572 4385">
    <p class='ocr_par' dir='ltr' id='par_1_4' title="bbox 271 4367 572 4385">
     <span class='ocr_line' id='line_1_30' title="bbox 271 4367 572 4385; baseline -0.003 0"><span class='ocrx_word' id='word_1_310' title='bbox 271 4367 572 4385; x_wconf 61' lang='lat' dir='ltr'>m</span> 
     </span>
    </p>
   </div>
   <div class='ocr_carea' id='block_1_5' title="bbox 256 4401 1823 4682">
    <p class='ocr_par' dir='ltr' id='par_1_5' title="bbox 256 4401 1823 4682">
     <span class='ocr_line' id='line_1_31' title="bbox 371 4401 1823 4510; baseline 0.001 -23"><span class='ocrx_word' id='word_1_311' title='bbox 371 4436 400 4501; x_wconf 74' lang='grc' dir='ltr'>ι)</span> <span class='ocrx_word' id='word_1_312' title='bbox 425 4429 642 4492; x_wconf 64' lang='lat' dir='ltr'>uxrem</span> <span class='ocrx_word' id='word_1_313' title='bbox 729 4429 759 4501; x_wconf 71' lang='grc' dir='ltr'>ι»)</span> <span class='ocrx_word' id='word_1_314' title='bbox 780 4431 815 4488; x_wconf 92' lang='lat' dir='ltr'>v.</span> <span class='ocrx_word' id='word_1_315' title='bbox 834 4431 871 4487; x_wconf 85' lang='lat' dir='ltr'>rr.</span> <span class='ocrx_word' id='word_1_316' title='bbox 890 4433 921 4486; x_wconf 82' lang='lat' dir='ltr'>s.</span> <span class='ocrx_word' id='word_1_317' title='bbox 940 4425 1101 4488; x_wconf 62' lang='lat' dir='ltr'>vrttes.</span> <span class='ocrx_word' id='word_1_318' title='bbox 1144 4401 1145 4404; x_wconf 55' lang='lat'>‘</span> <span class='ocrx_word' id='word_1_319' title='bbox 1190 4429 1220 4492; x_wconf 74' lang='lat' dir='ltr'>e)</span> <span class='ocrx_word' id='word_1_320' title='bbox 1241 4429 1272 4485; x_wconf 81' lang='lat' dir='ltr'>s.</span> <span class='ocrx_word' id='word_1_321' title='bbox 1292 4429 1312 4486; x_wconf 88' lang='lat' dir='ltr'>r.</span> <span class='ocrx_word' id='word_1_322' title='bbox 1333 4449 1358 4487; x_wconf 55' lang='grc' dir='ltr'>ε.</span> <span class='ocrx_word' id='word_1_323' title='bbox 1387 4434 1446 4510; x_wconf 68' lang='lat' dir='ltr'>ng.</span> <span class='ocrx_word' id='word_1_324' title='bbox 1469 4447 1528 4504; x_wconf 69' lang='lat' dir='ltr'>aq.</span> <span class='ocrx_word' id='word_1_325' title='bbox 1625 4427 1657 4502; x_wconf 77' lang='lat' dir='ltr'>a)</span> <span class='ocrx_word' id='word_1_326' title='bbox 1687 4429 1716 4488; x_wconf 85' lang='lat' dir='ltr'>c.</span> <span class='ocrx_word' id='word_1_327' title='bbox 1743 4429 1823 4492; x_wconf 80' lang='lat' dir='ltr'>xm.</span> 
     </span>
     <span class='ocr_line' id='line_1_32' title="bbox 256 4513 1822 4682; baseline -0.001 -103"><span class='ocrx_word' id='word_1_328' title='bbox 256 4541 288 4667; x_wconf 80' lang='lat' dir='ltr'>p.</span> <span class='ocrx_word' id='word_1_329' title='bbox 296 4521 344 4666; x_wconf 55' lang='lat' dir='ltr'>pn,</span> <span class='ocrx_word' id='word_1_330' title='bbox 356 4527 445 4682; x_wconf 62' lang='lat' dir='ltr'>ma)</span> <span class='ocrx_word' id='word_1_331' title='bbox 463 4523 492 4665; x_wconf 56' lang='grc' dir='ltr'>ι’</span> <span class='ocrx_word' id='word_1_332' title='bbox 507 4519 690 4672; x_wconf 32' lang='lat' dir='ltr'>e{sille&#39;podppt</span> <span class='ocrx_word' id='word_1_333' title='bbox 716 4521 749 4578; x_wconf 88' lang='lat' dir='ltr'>L.</span> <span class='ocrx_word' id='word_1_334' title='bbox 765 4520 791 4579; x_wconf 85' lang='lat'>1.</span> <span class='ocrx_word' id='word_1_335' title='bbox 800 4541 824 4578; x_wconf 87' lang='lat' dir='ltr'>e.</span> <span class='ocrx_word' id='word_1_336' title='bbox 834 4526 895 4586; x_wconf 69' lang='lat'>148.</span> <span class='ocrx_word' id='word_1_337' title='bbox 988 4518 1011 4586; x_wconf 77' lang='lat' dir='ltr'>f)</span> <span class='ocrx_word' id='word_1_338' title='bbox 1032 4513 1140 4574; x_wconf 84' lang='lat' dir='ltr'>Straba</span> <span class='ocrx_word' id='word_1_339' title='bbox 1154 4515 1408 4576; x_wconf 66' lang='lat' dir='ltr'>mvsstmnnnm</span> <span class='ocrx_word' id='word_1_340' title='bbox 1430 4517 1469 4576; x_wconf 88' lang='lat' dir='ltr'>ad</span> <span class='ocrx_word' id='word_1_341' title='bbox 1486 4517 1522 4575; x_wconf 63' lang='lat' dir='ltr'>ll·</span> <span class='ocrx_word' id='word_1_342' title='bbox 1550 4515 1592 4585; x_wconf 82' lang='grc' dir='ltr'>Τ.</span> <span class='ocrx_word' id='word_1_343' title='bbox 1619 4519 1741 4580; x_wconf 82' lang='lat' dir='ltr'>Diodes.</span> <span class='ocrx_word' id='word_1_344' title='bbox 1764 4519 1822 4622; x_wconf 77' lang='lat' dir='ltr'>Sic.</span> 
     </span>
    </p>
   </div>
   <div class='ocr_carea' id='block_1_6' title="bbox 1498 4705 1623 4786">
    <p class='ocr_par' dir='ltr' id='par_1_6' title="bbox 1498 4705 1623 4786">
     <span class='ocr_line' id='line_1_33' title="bbox 1498 4705 1623 4786; baseline -0.016 -19"><span class='ocrx_word' id='word_1_345' title='bbox 1498 4705 1623 4786; x_wconf 66' lang='lat' dir='ltr'>§aas</span> 
     </span>
    </p>
   </div>
   <div class='ocr_carea' id='block_1_7' title="bbox 191 4762 235 4948">
    <p class='ocr_par' dir='ltr' id='par_1_7' title="bbox 191 4762 235 4948">
     <span class='ocr_line' id='line_1_34' title="bbox 191 4762 235 4948; baseline 0 0"><span class='ocrx_word' id='word_1_346' title='bbox 191 4762 235 4948; x_wconf 74' lang='lat' dir='ltr'>t</span> 
     </span>
    </p>
   </div>
   <div class='ocr_carea' id='block_1_8' title="bbox 0 0 2146 5502">
    <p class='ocr_par' dir='ltr' id='par_1_8' title="bbox 0 0 2146 5502">
     <span class='ocr_line' id='line_1_35' title="bbox 0 0 2146 5502; baseline 0 1"><span class='ocrx_word' id='word_1_347' title='bbox 0 0 2146 5502; x_wconf 95' lang='lat' dir='ltr'> </span> 
     </span>
    </p>
   </div>
  </div>
 </body>
</html>
