4296 5494
751 621 975 694 MOESIA
1025 611 1326 693 INFERIORss
1552 632 1558 654 “
1773 645 1813 706 tr

290 793 495 870 Epipraplre:
519 784 881 870 ΝΙΚΟΠΟΛῙΤΩΝ,
910 794 1016 855 rarius
1053 791 1260 856 Froelichius
1294 813 1409 853 numos
1446 793 1509 854 hoe
1548 791 1736 875 magistratu
1769 796 1816 857 in·
1866 793 1871 798 '
1953 787 1957 798 ’

247 882 643 967 ΝΕΙΚΟΠΟΛΙΤΩΝ,
669 893 1015 959 sdditslstrimantio·
1053 895 1193 974 scriptos
1215 893 1401 976 promiscue
1430 892 1614 954 tribuerunt
1636 893 1698 974 jam
1719 897 1816 959 Cara·

220 1009 309 1062 'ne,
332 991 374 1052 de
395 1011 458 1073 qua
480 990 576 1057 infra.
1054 993 1182 1070 callae,
1211 996 1274 1076 jam
1305 995 1495 1076 Elagabalo.
1532 995 1612 1056 Cum
1649 1008 1745 1078 caput
1780 997 1814 1057 in

294 1096 376 1172 iypi
398 1093 575 1178 insigniter
593 1097 716 1161 variant
731 1095 931 1178 argumentis
949 1097 1018 1182 ple·
1053 1095 1103 1156 his
1119 1097 1224 1158 numia
1241 1095 1282 1158 sit
1299 1097 1471 1158 admodum
1487 1094 1642 1175 juvenile,
1661 1096 1690 1157 si
1706 1107 1816 1158 essent

247 1213 390 1280 rumque
418 1195 662 1282 mythologicia.
697 1199 749 1259 Ex
773 1197 823 1260 his
845 1219 928 1261 unus
950 1219 1017 1262 me·
1053 1198 1257 1273 Caracallae,
1287 1196 1426 1259 fuissent
1458 1198 1576 1279 signati
1607 1196 1680 1257 riso
1710 1195 1817 1260 adhuc

249 1295 425 1360 morandus
447 1292 597 1362 ridetur:
1029 1299 1201 1373 Seuero,
1230 1319 1267 1361 sc
1298 1313 1364 1361 tum
1393 1299 1511 1360 mirum
1542 1299 1652 1374 foret,
1674 1317 1737 1360 non
1761 1319 1818 1360 ar-

290 1391 461 1458 ΒΟΤΛΗ.
483 1396 657 1463 AHMOC.
689 1403 847 1476 Senatus,
871 1407 1017 1481 popolus.
1055 1414 1140 1462 stare
1156 1421 1273 1462 numos
1291 1399 1423 1476 Severi,
1443 1402 1609 1474 Domnae,
1630 1399 1816 1470 Plautillaa,

249 1504 368 1563 Pastor
380 1503 455 1578 rupi
470 1503 614 1564 insidens
629 1507 794 1564 decreram
810 1524 909 1582 sopra
923 1515 1020 1581 caput
1054 1500 1256 1570 Getaecum
1280 1501 1397 1564 eodem
1422 1501 1613 1584 magistratu
1637 1501 1746 1562 etsiin
1760 1501 1818 1562 Ni·
1920 1525 1924 1536 ·

248 1603 389 1675 attollit,
411 1623 438 1668 s.
447 1605 574 1681 padam,
586 1625 645 1682 pro
660 1606 793 1680 pedibus
807 1607 915 1680 conis,
933 1627 1016 1685 ponc
1052 1601 1179 1686 copolis
1206 1603 1313 1663 numis
1344 1621 1442 1683 saepe
1461 1601 1610 1686 prodito,
1640 1617 1676 1663 ut
1698 1622 1816 1666 revera

249 1705 362 1776 ardor,
385 1695 532 1762 innume
549 1704 707 1767 Domnae.
731 1702 856 1778 (Vuill.)
1051 1725 1117 1765 non
1148 1716 1285 1767 exstant.
1316 1703 1359 1763 Et
1388 1721 1469 1766 vero
1499 1704 1596 1765 etism
1618 1701 1816 1766 lineamenta

294 1803 399 1864 Mirus
418 1821 523 1865 nexus
547 1805 686 1886 pastoris
708 1825 781 1865 cum
808 1819 937 1868 senatus
959 1826 1016 1888 po·
1052 1804 1264 1888 Elagabalum
1288 1804 1386 1866 facile
1408 1803 1559 1886 probant.

249 1905 386 1991 pnliqao
409 1904 601 1987 epigraphe.
1095 1905 1163 1966 Sub
1189 1903 1374 1970 Gordiano:
1405 1901 1502 1973 CAB.
1525 1901 1791 1968 MooecTor.
1873 1965 1883 1976 ,

565 2052 584 2090 ,k
627 2005 646 2042 ⁴*
688 2051 707 2090 „
986 2017 988 2023 '
1096 2005 1219 2098 Quaeri
1239 2005 1312 2088 jure
1334 2018 1460 2091 potest,
1483 2019 1591 2066 utrum
1618 2005 1707 2068 raris
1735 2002 1817 2068 baec

294 2111 506 2190 Magistratus
535 2109 568 2168 in
598 2107 705 2167 numia
727 2106 771 2173 Il,
801 2106 926 2170 formae
950 2109 1017 2188 ple·
1052 2106 1209 2184 nomina,
1262 2127 1345 2192 quae
1387 2121 1452 2168 tam
1496 2107 1593 2190 hujus
1636 2107 1818 2189 Nicopolis,

249 2228 391 2290 rumque
412 2206 603 2272 inscribitur
624 2205 770 2291 praelixa
795 2203 836 2272 Τ.
858 2209 912 2272 rel
936 2205 1016 2272 ΤΠ.
1054 2229 1148 2290 quam
1173 2207 1402 2292 praecedentis
1424 2207 1678 2291 Marcianopolis
1708 2229 1820 2271 mone-

250 2309 338 2370 Suut
358 2329 450 2372 sero.
1054 2324 1105 2370 tae
1142 2309 1298 2396 inscripta
1327 2312 1501 2395 leguntur,
1537 2307 1685 2371 indicent
1719 2311 1820 2392 magi·

296 2409 365 2471 Sub
383 2413 521 2487 Severo,
536 2409 713 2488 Caracalla,
726 2404 892 2475 GetstA.
904 2405 1017 2478 ΙΑ’ῙῬ.
1056 2421 1191 2477 stratum
1221 2413 1463 2488 domesticum,
1493 2433 1534 2472 an
1561 2407 1719 2491 ἡτγεμονιι,
1750 2410 1817 2470 sire

248 2502 461 2572 ΓΑΛΛΟΤ.
485 2541 529 2556 -
555 2505 734 2572 ΦΛΑΟΤ.
755 2547 798 2560 -
819 2507 1019 2574 ΟΤΛΠΙΑ-
1055 2513 1155 2573 totius
1188 2515 1378 2596 provinciae
1413 2511 1610 2597 praesidem.
1653 2513 1721 2574 Pro
1754 2513 1818 2572 hoc
1883 2541 1888 2554 ·

251 2605 363 2673 NOT.
386 2643 427 2658 -·
446 2605 500 2676 'A.
518 2611 692 2677 OOTlNl.
720 2607 1018 2678 ΤΕΡΤΤΛΛΟΤ.
1054 2612 1206 2697 praeside
1238 2617 1341 2679 valida
1372 2617 1487 2678 hercle
1517 2625 1589 2674 sunt
1619 2627 1821 2695 argumenta,
1931 2595 1937 2612 ⁸

251 2713 353 2791 (Mus.
376 2714 483 2791 Cass.)
507 2709 746 2782 ΑΠΟΛΑἹὊ,
767 2715 922 2798 (Theop)
1055 2717 1081 2782 1.
1103 2715 1154 2782 Fl.
1182 2715 1359 2798 leianus,
1389 2717 1582 2788 Pontianus,
1605 2713 1751 2796 Agrippa
1774 2715 1820 2770 in·

297 2813 363 2877 snb
384 2817 533 2879 Macrino
554 2830 587 2879 at
612 2817 891 2880 Diadumeaiano:
914 2813 1018 2886 ATP,
1056 2816 1169 2900 scripti
1198 2838 1329 2903 quoque
1361 2832 1435 2880 sunt
1465 2813 1572 2878 numia
1595 2815 1820 2895 Marcianopo·
1870 2804 1877 2812 ’

248 2911 513 2983 ’ΛΟΝΓΙΝΟΤ.
537 2951 580 2964 —··
599 2917 701 2980 ΟΤΑ.
725 2919 779 2981 rel
797 2917 944 2985 CTATI.
964 2918 1018 2981 vel
1055 2919 1116 2990 lis,
1145 2933 1179 2982 et
1208 2919 1340 3001 quidem
1366 2916 1554 3002 subiisdem
1572 2912 1819 2996 imperantibus,

254 3013 473 3081 cTATltYr.
493 3013 625 3080 ΛΟΝΓ
627 3014 747 3083 1N0'r.
771 3054 808 3066 -
827 3021 886 3086 ΑΙ.
904 3012 1019 3080 ΠΟΝ·
1038 3020 1140 3080 *unde
1169 3019 1335 3101 coquitur,
1364 3015 1466 3079 fuisse
1489 3035 1558 3102 [eos
1582 3015 1816 3095 magistratum,

253 3113 1016 3184 TlANOT.-KA.KTINTIAIANOT.-
1055 3119 1148 3202 cujus
1170 3135 1314 3204 potestas
1346 3118 1442 3181 latius
1463 3117 1496 3178 in
1517 3116 1721 3198 provinciam
1742 3138 1818 3201 por·
1925 3135 1929 3148 ·

252 3217 298 3284 Κ.
320 3219 374 3280 rel
395 3217 542 3286 KAAT.
567 3215 1018 3284 armna-Marto.
1054 3221 1248 3304 rigabatur,
1285 3220 1372 3304 quod
1402 3215 1605 3302 magistratui
1636 3217 1818 3282 domestico

253 3313 486 3388 ΑΓΡῙΠΠΑ.
527 3325 626 3386 Hunc
672 3303 850 3406 Agrippam
893 3321 1020 3385 Froeli·
1054 3345 1119 3384 nou
1151 3325 1315 3385 convenit.
1344 3325 1383 3383 11.
1416 3320 1532 3382 Paullo
1562 3339 1659 3402 supra
1689 3321 1722 3380 in
1751 3322 1820 3382 Ma-

165 3409 178 3414 ”
254 3418 394 3498 chiuad)
424 3421 565 3486 eundem
594 3437 703 3508 putat,
733 3423 775 3486 de
806 3444 871 3508 quo
898 3425 963 3488 Dio
986 3428 1019 3487 in
1056 3423 1139 3486 crini
1161 3421 1269 3484 numia
1296 3422 1435 3488 vidimus
1451 3417 1610 3482 Marcium
1629 3421 1819 3504 Agrippam,
1899 3503 1904 3509 Ι

253 3523 449 3609 fragmentis
485 3547 503 3587 a
533 3525 677 3588 Falcone
707 3521 827 3587 editis:
861 3531 1019 3591 Marcium
1056 3539 1089 3586 et
1116 3545 1230 3587 rosera
1252 3524 1316 3588 hoc
1337 3525 1471 3584 nomine
1498 3519 1681 3604 praesidem
1704 3520 1743 3581 ab
1766 3541 1820 3582 eo·

257 3630 434 3708 Aprippam
466 3625 632 3688 Macrinus
664 3631 700 3687 irs
723 3631 925 3691 Pannoniam
951 3632 1019 3710 prs·-
1056 3625 1129 3688 dem
1173 3627 1321 3690 Macrino
1358 3625 1391 3686 in
1421 3622 1640 3694 Pannoniam,
1670 3621 1820 3681 Daciam-

255 3748 360 3802 mm,
387 3730 503 3790 deinde
536 3715 584 3788 ta
600 3729 738 3788 Daciam
767 3746 838 3788 eum
856 3733 1019 3808 praesidis
1056 3745 1119 3808 quc
1134 3727 1266 3790 missum
1285 3725 1435 3800 diximus,
1457 3745 1531 3789 aum
1554 3745 1616 3806 qua
1638 3723 1725 3782 forte
1749 3735 1815 3810 pum

251 3839 411 3908 pomtata
448 3825 716 3913 (ipeporspoarra)
758 3832 857 3893 misit.
896 3831 1018 3914 ¹Fuisse
1056 3830 1181 3891 Moesia
1211 3827 1383 3912 conjuncta
1410 3825 1520 3889 luerit.
1558 3823 1601 3884 At
1630 3834 1743 3906 eontra
1771 3837 1821 3882 cst

255 3949 332 3992 eum
365 3929 532 3995 conscium
561 3920 671 3994 c'aedis
699 3929 885 3993 Caracallus
909 3952 928 3992 a
953 3935 1020 3995 Mo·
1056 3933 1098 4002 1.‚
1131 3929 1220 4013 quod
1248 3927 1393 4014 sirpsasrsc
1415 3947 1579 4009 nunquam
1603 3921 1664 3984 sibi
1684 3914 1821 4005 praepo-

256 4030 350 4095 cs'iuo
388 4045 533 4115 patratae
566 4032 668 4094 tradit
701 4029 913 4114 Spartianus:
955 4044 1019 4095 saon
1057 4031 1207 4094 altionem
1225 4025 1323 4092 TllO
1342 4026 1544 4113 praefixere,
1567 4023 1821 4110 positosempar

256 4137 480 4216 imantidus
514 4137 635 4197 Marcio
659 4135 823 4214 Aprippa,
845 4135 902 4215 qui
922 4136 1022 4194 classi
1057 4131 1250 4195 absolutes.
1269 4119 1820 4212 g.H1't-3;TOTA,MA31MOT.

252 4245 416 4309 mmai·
661 4301 665 4308 ,
1055 4229 1423 4305 verminationes,
1446 4228 1607 4312 merique,
1631 4239 1665 4288 ut
1682 4225 1822 4300 videtur,

297 4333 368 4395 Sub
383 4335 579 4416 Elagabalos
600 4332 640 4396 Α.
657 4327 1019 4399 NOB.vatN0310T.
1054 4353 1109 4396 res
1136 4331 1274 4397 arbitrii.
1305 4329 1344 4398 tt.
1377 4329 1465 4418 quod
1496 4329 1601 4395 multo
1622 4341 1747 4413 pugnat
1770 4347 1822 4388 ra·

256 4427 463 4500 Portbor.
494 4437 549 4500 sal
579 4429 735 4498 Portos
764 4433 960 4502 Vaillaatius
986 4447 1019 4496 ct
1054 4433 1171 4498 lidius:
1207 4434 1235 4496 si
1261 4433 1319 4496 uis
1345 4431 1531 4514 nominibus
1560 4441 1822 4512 verenotsren·

370 4621 706 4704 d)1V.'reut.p.2ss.
926 4670 1012 4714 *a
1122 4667 1126 4674 -
1260 4681 1265 4690 .
1382 4639 1417 4698 ,“

298 4722 387 4786 (ror.
408 4724 470 4796 ιι.)
760 4761 764 4768 -
1411 4785 1414 4794 .
1598 4715 1624 4779 0
