4296 5494
262 587 345 698 *ss
546 611 552 620 ·
748 571 1008 732 'morsm
1056 607 1378 687 svramoa

295 780 473 868 viminacii
487 779 605 866 signati
620 791 695 844 sunt
707 777 799 843 numi
813 797 888 844 cum
902 800 985 845 anno
993 780 1064 859 1v.‚
1097 781 1216 859 nrbes,
1233 801 1296 847 neu
1310 780 1463 863 Apamea,
1482 777 1640 856 Seleucia,
1656 771 1808 866 Tripolis
1821 785 1859 846 ab

297 885 353 950 aiii
369 905 442 948 eum
460 903 543 946 auno
562 883 618 950 Vl.
642 884 691 944 An
709 881 797 944 istud
817 881 879 944 sibi
901 884 971 964 quis
988 901 1064 964 pcr-
1099 871 1282 946 inconsulta
1294 883 1631 946 haclevitateabsolri
1643 906 1706 946 uon
1726 886 1859 967 possint.

298 985 460 1048 suaserit?
497 983 623 1047 Eodem
651 983 749 1045 modo
775 1003 849 1045 cum
871 983 1061 1050 Valerianus
1138 986 1302 1050 Refutatis
1318 985 1369 1048 his
1384 1001 1534 1068 superest
1549 1003 1719 1070 quaerere,
1737 1007 1809 1048 cum
1828 986 1860 1048 in

299 1086 444 1150 nondum
467 1084 680 1168 imperaverit
697 1105 780 1147 anuo
794 1083 916 1146 Daciae
932 1083 1009 1161 VL,
1034 1085 1062 1146 si
1097 1087 1274 1156 Viminacii
1302 1107 1340 1152 ac
1362 1089 1483 1150 Daciae
1509 1088 1616 1150 numia
1648 1084 1885 1151 observemus·

293 1189 352 1250 hic
375 1186 415 1249 ab
437 1207 521 1249 anno
544 1185 585 1254 V.
609 1187 645 1252 C.
671 1203 761 1246 sono.
784 1183 984 1261 deducatur,
1009 1205 1065 1248 ne·
1100 1209 1224 1264 annos,
1264 1187 1320 1272 qui
1357 1200 1503 1274 spectato
1528 1168 1673 1269 epochae
1699 1188 1876 1272 principio·

298 1310 391 1353 cesse
409 1303 477 1363 est,
500 1290 559 1366 ait,
583 1291 669 1350 hune
692 1287 809 1350 deduci
826 1283 960 1349 abanan
974 1305 1063 1355 roos.
1099 1311 1165 1354 non
1189 1289 1336 1352 incidunt
1354 1291 1388 1350 in
1405 1287 1577 1373 imperium
1593 1287 1675 1370 ejus,
1695 1289 1786 1371 cujus
1812 1309 1865 1352 ca·
1947 1291 1950 1296 ’

298 1391 363 1456 Sed
380 1391 444 1454 hoc
462 1392 534 1474 ipso
553 1411 636 1454 anno
651 1388 802 1472 copiosos
826 1386 982 1451 hahemus
1001 1391 1065 1458 Va·
1099 1391 1159 1474 piti
1171 1389 1274 1472 juncti
1288 1407 1372 1466 sunt,
1389 1410 1558 1473 quamnam
1576 1409 1650 1452 esse
1668 1388 1865 1473 hujusdissi-

297 1493 415 1556 leriani
439 1511 553 1553 numos
575 1489 750 1573 inscriptos
771 1491 830 1554 AN
849 1490 958 1568 Vnt,
981 1511 1063 1573 ergo
1100 1492 1146 1554 dii
1161 1511 1289 1556 causam
1309 1491 1544 1556 existimemus.
1566 1495 1642 1556 Eam
1658 1512 1735 1555 sane
1749 1491 1863 1562 abana

298 1597 415 1658 eodem
435 1615 523 1686 *anno
551 1591 669 1675 signati
692 1605 767 1654 sunt
790 1593 823 1654 in
849 1591 951 1654 Dacia
972 1592 1062 1653 numi
1097 1613 1208 1656 rerum
1245 1594 1389 1656 omnium
1416 1594 1481 1658 hoc
1509 1611 1591 1655 aevo
1615 1593 1863 1676 perturbatione

298 1717 371 1760 cum
396 1717 479 1758 anno
503 1695 561 1761 Vl.
583 1707 616 1754 et
638 1693 754 1762 vlla?
785 1693 873 1789 Quid
891 1691 977 1776 quod
997 1707 1063 1754 ter·
1098 1696 1278 1782 profectam
1300 1710 1390 1780 puto,
1411 1715 1487 1759 cum
1511 1693 1642 1757 barbari
1661 1693 1694 1754 in
1720 1693 1782 1755 hcc
1800 1707 1864 1756 tra·

297 1801 374 1861 tiam
394 1797 489 1860 etiam
513 1815 633 1870 aeram,
655 1795 683 1856 si
702 1795 930 1857 hlazzolenum
950 1790 1062 1878 sequa²
1098 1811 1172 1874 ctu,
1194 1810 1231 1859 ut
1256 1817 1298 1860 ex
1320 1798 1456 1861 historia
1476 1798 1710 1881 imperatorum
1725 1807 1865 1870 constat,

297 1921 353 1976 rc,
374 1899 480 1984 possis
499 1895 635 1960 elicere.
665 1897 782 1958 Refert
801 1895 984 1960 Bandusiae
1006 1917 1064 1956 uu·
1095 1899 1227 1962 ferrent
1244 1897 1351 1960 omnia
1372 1911 1603 1983 reperentque,
1619 1895 1767 1980 nihilque
1783 1895 1873 1975 legi·¹

297 2022 387 2064 mum
404 1997 575 2066 Volusiani
589 1995 654 2080 jam
669 1997 805 2078 Augusti
820 2018 1011 2082 percussum
1030 1995 1062 2056 in
1098 1999 1159 2064 bus
1182 1999 1356 2062 ordinariis
1383 2000 1499 2085 peragi
1519 2009 1720 2084 paterentur.
1748 1993 1866 2089 ¹Quam

156 2139 158 2146 ι
196 2141 198 2146 -
297 2104 488 2164 Daciarum
504 2097 666 2162 annulli.
696 2099 1063 2162 Dictantehlazaoleno
1100 2098 1234 2164 defectu
1257 2102 1445 2180 matricum,
1478 2101 1617 2184 quaein
1639 2113 1866 2182 tempusque·

299 2201 468 2264 ducendus
500 2201 555 2262 hic
585 2217 701 2262 numus
727 2201 767 2264 ab
789 2201 894 2264 altero
917 2197 1063 2283 epochae
1100 2199 1256 2277 drsbsnt,
1279 2216 1410 2268 veteres
1434 2203 1467 2264 in
1494 2201 1623 2274 scriniis
1647 2199 1808 2284 repositas
1824 2197 1867 2260 sd

297 2303 512 2390 principioV.
530 2304 566 2364 C.
586 2317 688 2380 roos,
711 2321 792 2384 ergo
808 2321 925 2364 numus
950 2299 1004 2362 hic
1024 2300 1065 2362 si·
1099 2303 1200 2366 fallax
1217 2301 1409 2387 obsequium
1427 2311 1654 2380 revocavere,
1676 2299 1764 2386 quoti
1787 2317 1865 2362 sane

299 2417 414 2489 gnatam
432 2415 482 2468 est
496 2403 537 2472 V.
551 2403 589 2494 C,
605 2411 695 2478 roca,
711 2417 891 2487 qnotsmcn
907 2403 1065 2471 annoVo·
1101 2423 1173 2468 sese
1191 2403 1235 2466 ita
1249 2403 1373 2469 habere
1388 2425 1429 2468 ex
1441 2403 1522 2485 ipsis
1538 2400 1706 2467 erroribus
1724 2423 1790 2466 non
1810 2401 1867 2466 ob·

298 2509 459 2570 lunianum
490 2505 552 2586 jam
580 2505 762 2588 Augustum
786 2505 838 2567 vix
862 2503 1064 2587 probaveris.
1100 2524 1197 2569 scure
1210 2519 1320 2588 potest
1335 2505 1462 2588 colligi.
1484 2508 1566 2568 Nam
1589 2507 1644 2570 vix
1664 2502 1813 2587 reperies
1832 2500 1867 2560 in
1960 2583 1965 2592 1

300 2610 369 2674 Sed
380 2609 458 2671 nolo
475 2605 606 2687 longius
620 2625 742 2690 urgere
761 2606 864 2668 virum
879 2604 1064 2688 eruditum
1100 2607 1250 2672 omuibus
1280 2607 1331 2670 his
1363 2607 1472 2670 uumis
1499 2607 1607 2670 notari
1631 2625 1777 2679 annum,
1811 2602 1867 2686 qui

299 2729 374 2774 nam
397 2709 424 2772 si
447 2725 528 2791 opus
550 2719 620 2781 est,
644 2708 739 2769 etiam
762 2706 796 2769 in
818 2705 947 2770 tertiam
962 2707 1066 2776 Vimi·
1102 2721 1190 2772 esset
1204 2707 1370 2793 posterior
1383 2707 1523 2794 imperio
1539 2708 1610 2792 ejus
1625 2707 1774 2793 Augusti,
1793 2723 1865 2768 cum

300 2811 387 2876 uscii
401 2829 510 2873 seram
527 2807 671 2884 inclinat,
693 2819 729 2870 ut
744 2807 815 2891 ipse
833 2809 1008 2894 profitetur
1020 2810 1065 2891 Ρ).
1101 2832 1167 2897 quo
1191 2811 1356 2895 jungitur,
1378 2811 1437 2876 sesi
1455 2829 1559 2874 anuos
1572 2829 1704 2895 semper
1725 2805 1868 2872 anterio·

301 2915 417 2996 inique
439 2929 520 2973 vero
548 2909 638 2973 idem
659 2909 712 2972 vir
733 2907 932 2976 clarissimus
955 2911 1066 2975 Antio·
1101 2934 1156 2976 res
1183 2909 1440 2987 observaveris,
1470 2913 1643 2976 manifesto
1673 2921 1867 2993 argumento

301 3014 429 3086 chiam,
462 3012 623 3094 Sinopen,
646 3012 790 3074 Amisum
814 3025 876 3079 etc.
906 3013 1066 3090 obtendit,
1102 3017 1435 3096 resumptae-vetoris
1464 3013 1620 3079 matricis.
1649 3013 1700 3075 Ita
1724 3008 1868 3077 Vimina-

301 3133 384 3196 quae
408 3113 555 3189 singulae
576 3113 674 3175 variis
696 3128 805 3175 essent
824 3113 960 3198 epochis
976 3133 1065 3190 usae,
1102 3117 1189 3180 cium
1212 3114 1272 3202 tibi
1294 3115 1382 3178 dabit
1403 3137 1504 3180 annos
1526 3115 1589 3180 ΙΙΙ.
1602 3125 1636 3176 et
1649 3111 1727 3177 1111.
1746 3111 1778 3172 iu
1793 3109 1869 3172 Phi-

303 3233 375 3275 nnm
403 3231 468 3272 non
483 3211 524 3273 sle
543 3213 628 3289 hoc,
650 3213 707 3274 sed
723 3225 832 3274 utrum
850 3236 916 3277 uno
933 3217 1066 3278 eodem·
1100 3217 1204 3302 lippo,
1220 3238 1338 3282 annum
1362 3219 1417 3282 XI.
1434 3219 1467 3280 in
1477 3215 1657 3285 Volusiano
1679 3212 1743 3296 jam
1762 3214 1870 3294 Augu·

302 3333 365 3396 sque
392 3327 541 3396 tempore
563 3315 597 3374 in
621 3315 837 3376 monumentis
854 3313 994 3398 publicis
1012 3336 1064 3378 va·
1099 3329 1161 3393 sto,
1183 3337 1302 3380 anuum
1318 3319 1376 3388 vt.
1398 3320 1433 3381 in
1456 3318 1630 3388 Valeriano
1654 3327 1688 3375 et
1701 3313 1865 3385 Gallieno,

303 3415 559 3478 riaearlltibitae
576 3417 640 3478 sint
665 3435 771 3488 aerae,
800 3429 922 3501 eaeque
940 3415 1064 3477 biennii
1100 3415 1155 3497 qai
1180 3431 1255 3478 sunt
1281 3420 1354 3480 anni
1376 3421 1558 3504 principum
1588 3412 1866 3498 praecedentium.
1928 3407 1933 3416 ’

304 3531 425 3580 tantum
440 3516 612 3579 intervallo
629 3515 795 3594 distantes,
811 3517 872 3587 boc
887 3518 1065 3604 locoquae·
1104 3519 1176 3578 Non
1205 3535 1318 3579 moror
1340 3539 1474 3580 numum
1491 3507 1662 3583 Viminacii
1684 3533 1757 3578 cum
1783 3533 1869 3576 auno

199 3621 202 3629 '
303 3619 400 3680 ritur.
421 3617 521 3711 Quod
539 3619 610 3678 siin
631 3621 796 3680 nonnullis
812 3621 1069 3704 urbihnsplures
1103 3617 1197 3683 XIII.
1220 3619 1252 3681 in
1268 3619 1451 3695 Etruscilla,
1471 3619 1526 3704 qui
1545 3639 1647 3680 annus
1665 3629 1715 3678 est
1729 3614 1869 3697 imperia
1967 3679 1969 3684 .

301 3741 364 3778 una
381 3719 525 3799 epochae
537 3719 571 3780 iu
588 3739 647 3782 usu
662 3718 768 3794 fuere,
787 3723 1070 3804 plureaetiamnu·
1105 3721 1212 3781 mariti
1228 3719 1323 3782 Decii
1348 3720 1531 3804 posterior,
1553 3740 1626 3782 nam
1645 3737 1719 3780 eum
1739 3699 1869 3777 Bantiu-

305 3823 365 3882 ¹¹¹3⁸
383 3820 590 3904 imfil‘ier‘,
609 3823 814 3886 utAscslcne
829 3823 1070 3890 iactumohser·¹
1105 3821 1174 3884 rius
1202 3841 1241 3883 ex
1264 3821 1439 3889 Vaillantio
1467 3819 1603 3893 recitat,
1625 3837 1775 3904 eumque
1797 3818 1869 3902 ipse

305 3942 426 3985 vamur.
459 3925 613 3986 Ceterum
640 3909 996 4009 praetensam'urbium
1022 3929 1068 3989 in·
1104 3944 1170 3986 uon
1192 3923 1291 4000 vidit,
1316 3937 1349 3985 et
1365 3921 1434 4006 ipsa
1448 3935 1655 4006 praetensam
1672 3921 1757 3984 hano
1780 3915 1870 3984 Vsil·

305 4025 529 4100 constantiam,
544 4039 640 4108 atque
653 4026 737 4088 intra
753 4027 854 4092 breve
876 4039 1005 4112 tempus
1028 4030 1068 4092 ab
1104 4027 1197 4090 lentii
1216 4025 1392 4088 lectionem
1414 4022 1601 4086 indubium
1623 4035 1730 4088 vocat.
1752 4021 1868 4102 Neque

305 4147 366 4184 una
386 4125 511 4207 epocha
529 4126 567 4186 ati
590 4127 685 4188 aliam
702 4128 883 4205 transitum,
900 4131 1068 4216 atqneite·
1104 4149 1217 4191 moror
1247 4129 1345 4190 etiam
1374 4147 1506 4188 numum
1537 4123 1659 4188 Daciae
1687 4139 1761 4183 eum
1783 4136 1867 4181 anna

305 4248 377 4290 rum
390 4223 549 4300 reditum,
572 4245 668 4309 quem
682 4249 746 4290 non
769 4229 865 4312 pauci
883 4229 947 4294 riri
970 4231 1068 4312 insig·
1104 4231 1179 4293 Vll.
1201 4227 1234 4290 in
1250 4229 1453 4305 Hostilieuo,
1476 4228 1567 4309 cnjus
1587 4239 1713 4312 patrem
1727 4217 1867 4282 Decium

303 4348 363 4389 nes
378 4323 548 4410 perperam
569 4325 751 4404 adfluxere,
775 4331 909 4414 copiose
925 4351 987 4416 per
1007 4331 1069 4396 hcc
1105 4329 1168 4412 jam
1192 4343 1266 4393 ante
1289 4329 1375 4392 huno
1395 4332 1517 4396 Daciae
1536 4347 1654 4394 anuum
1674 4319 1884 4386 occubuisset

305 4449 386 4511 opus
413 4429 634 4511 impugnatum
662 4433 826 4514 reperies,
861 4435 924 4498 etsi
948 4435 1070 4518 aliquot
1106 4445 1242 4498 constat.
1270 4435 1351 4496 Nam
1381 4433 1422 4496 ab
1451 4421 1515 4495 h'oc
1536 4431 1609 4512 ipso
1630 4443 1729 4490 numo
1751 4419 1869 4486 confir·

304 4587 1860 4620 mmm-*w

428 4657 459 4728 P)
472 4655 495 4712 l·
510 4678 533 4714 c·
550 4675 578 4731 p.
597 4665 649 4722 162
