4296 5494
812 569 1182 672 unciola
1740 619 1796 684 ·m

224 767 385 831 subinde.
415 781 449 830 et
470 777 639 831 constante
661 765 794 850 quidem
816 769 911 852 loge,
941 787 995 850 ap·
1030 771 1119 848 quod
1136 771 1315 830 continetur
1336 771 1371 830 in
1392 773 1519 846 majore
1540 773 1658 846 altero,
1682 777 1737 835 cui
1749 776 1797 834 r'u·

223 867 355 952 pellere
378 867 511 932 libuerit
532 863 700 949 ipruorur,
720 867 881 930 incertum
903 886 992 930 sene.
1017 871 1180 947 ,scriptum
1201 859 1448 930 ΑΡΤΕΜΩΝ
1471 873 1582 932 addito
1598 874 1732 935 hederae
1742 879 1795 956 fo·
1868 871 1874 881 '

223 967 293 1032 Sed
308 968 353 1031 de·
366 967 415 1030 his
429 966 633 1054 praesidibus
655 987 914 1032 commemorare
936 967 990 1029 hic
1025 969 1082 1030 lio.
1099 968 1166 1031 AR.
1181 969 1209 1032 l.
1225 966 1340 1050 (thid.)

224 1069 321 1152 plura
344 1088 410 1132 non
433 1069 532 1145 libet,
557 1071 632 1154 quia
654 1068 696 1130 de
712 1069 753 1130 iis
768 1089 809 1130 ex
824 1067 991 1153 proposito
1073 1073 1193 1130 Eadem
1235 1074 1382 1133 aduersu.
1427 1066 1450 1127 ae
1482 1067 1791 1141 ΑΝΑΞΙΠΟΛΙΣ.
1874 1095 1883 1114 -2

224 1183 343 1254 agetur
355 1169 444 1234 alibi.
463 1171 554 1253 (Vol.
573 1175 629 1241 IV.
646 1193 679 1254 p.
697 1178 761 1244 aad
777 1171 885 1254 seqq.)
978 1226 979 1235 ,
1029 1175 1243 1250 Quadratum,
1273 1175 1361 1233 iutra
1400 1177 1488 1255 quod
1507 1175 1614 1252 fipuru
1639 1181 1793 1254 prodiens

463 1297 467 1324 ι
543 1271 563 1310 *
604 1317 624 1356 g
665 1271 685 1310 ⁴*
1028 1277 1216 1344 deuterum
1228 1275 1383 1351 praefert.
1398 1273 1468 1334 AR.
1487 1273 1512 1340 1.
1535 1274 1722 1352 (Pellerin,)

270 1369 387 1432 Totius
402 1372 654 1452 gentisuomine
668 1369 763 1434 binos
786 1371 889 1437 edidit
903 1368 993 1438 Vail·
1070 1377 1192 1437 uadem
1227 1377 1376 1437 aduersu.
1411 1369 1435 1430 31
1471 1371 1567 1442 ΕΠΙ.
1598 1373 1794 1454 ΠΡΩΤΩ,

224 1470 346 1534 lautius
362 1493 434 1534 cum
452 1475 559 1558 eapite
576 1473 778 1538 Caracallus:
801 1465 992 1534 KOINON.
1031 1479 1247 1554 Quadratum,
1277 1477 1365 1571 iutra
1386 1480 1473 1560 quod
1492 1487 1555 1539 trec
1577 1485 1693 1558 spicue.
1721 1486 1791 1554 AR.
1912 1505 1916 1518 ¹

228 1567 469 1651 ΘΡΑΚΩΝ.,
499 1597 581 1660 quos
617 1575 760 1660 signatos
782 1571 883 1636 inisse
906 1571 992 1656 apud
1027 1577 1088 1640 111.
1111 1573 1297 1656 (Pellerin.)
1340 1573 1357 1588 ’

224 1671 490 1757 Philippopolin,
512 1697 553 1740 ex
568 1676 663 1759 hujus
678 1675 785 1738 numis
801 1673 935 1759 patebit.
1074 1675 1228 1759 Gryphus
1261 1690 1293 1738 et
1322 1665 1473 1738 Abderao
1500 1692 1658 1754 nostrae,
1689 1697 1723 1744 ut
1751 1705 1792 1748 ox
1868 1759 1869 1764 γ

760 1817 764 1824 -
1027 1777 1185 1860 proximis
1214 1777 1320 1838 numia
1350 1777 1558 1852 videbimus,
1588 1795 1620 1842 et
1642 1783 1714 1846 Teii
1742 1787 1793 1848 Io·

464 1851 498 1911 Ᾰ
518 1853 544 1909 B
564 1853 594 1910 D
617 1853 645 1911 Ε
665 1853 693 1912 B
714 1853 756 1910 A·
1028 1878 1126 1952 niae,
1156 1897 1237 1960 quae
1268 1874 1356 1938 illius
1380 1878 1447 1942 fuit
1475 1882 1689 1964 metropolis,
1719 1907 1793 1969 por.

268 1975 319 2036 Ad
353 1995 444 2038 mare
482 1981 671 2062 Aegaeum,
715 1975 794 2042 urbs
830 1977 991 2042 Thraciae
1026 1993 1145 2062 petrus
1167 1971 1217 2040 est
1238 1991 1344 2061 typus.
1374 1975 1521 2043 Difficile
1544 1981 1626 2044 adeo
1650 1986 1808 2052 erudeli·-

225 2076 305 2146 olim
329 2078 579 2160 potentissima,
610 2095 707 2166 atque
736 2094 772 2142 nt
803 2076 843 2142 ab
871 2078 992 2140 incola·
1027 2081 1118 2156 nire,
1141 2099 1214 2142 cum
1237 2077 1270 2138 in
1294 2080 1467 2162 descriptio
1490 2083 1587 2144 modo
1610 2088 1715 2150 numia
1736 2110 1792 2152 no·
1926 2109 1932 2112 ·

226 2198 301 2238 rum
340 2191 491 2262 stupore,
522 2179 565 2243 ita
594 2201 613 2240 a
642 2182 720 2243 viris
749 2179 915 2241 nonnullis
945 2179 992 2240 in·
1030 2201 1103 2242 men
1140 2179 1229 2242 urbis
1260 2201 1325 2242 non
1355 2181 1516 2258 addatur,
1545 2187 1690 2251 ulricus
1717 2190 1791 2274 jure

227 2279 394 2363 signibus,
423 2281 634 2356 Democrito,
665 2285 870 2366 Protagora,
907 2279 993 2342 aliis·
1031 2280 1397 2364 tribuendosputemus.
1420 2283 1642 2374 ChCombiue
1664 2290 1792 2374 priores
1915 2322 1925 2328 -

225 2398 292 2464 que
313 2380 512 2468 famigerata.
537 2381 690 2444 'l'estibus
712 2381 801 2444 Mela
823 2397 855 2443 et
877 2383 992 2443 Selino
1030 2383 1111 2443 duos
1134 2381 1223 2462 Tejis
1246 2381 1437 2446 tribuendos
1459 2383 1561 2452 duxit.
1590 2389 1724 2454 Mallem
1748 2409 1793 2458 ta-

226 2501 299 2543 eam
315 2481 462 2542 condidit
482 2482 612 2546 Abdera
628 2475 800 2546 Diomedis
816 2503 923 2557 soror,
941 2501 992 2542 re·
1030 2505 1104 2546 mon
1135 2503 1192 2546 eos
1225 2502 1342 2544 vocare
1371 2483 1560 2566 Abderam,
1593 2489 1666 2572 quia
1703 2500 1793 2558 numi

226 2583 333 2664 gisia
357 2581 422 2644 hoc
443 2595 550 2647 tractu
574 2586 614 2647 ab
636 2583 835 2648 immanitate
859 2583 993 2666 cogniti.
1030 2589 1206 2647 Maroneae
1236 2585 1362 2646 vicinae
1385 2599 1417 2647 et
1438 2587 1524 2647 Aeni
1547 2593 1699 2668 spectatis
1726 2617 1793 2660 om·

227 2682 414 2744 Secundum
437 2684 570 2748 celebre
596 2701 841 2750 monumentum
865 2685 999 2748 Hercu-l
1029 2687 1124 2748 nibus
1147 2686 1252 2750 causis
1275 2683 1474 2748 simillimum
1498 2687 1618 2750 habent
1650 2695 1809 2764 modum.¹

226 2787 341 2859 lenm,
381 2785 468 2868 quod
505 2802 580 2868 post
615 2787 697 2850 alios
727 2787 871 2870 vulgarit
896 2786 995 2848 Mari·
1030 2788 1081 2850 Ad
1111 2786 1392 2867 haectngeniosa
1421 2786 1562 2866 conjecit
1583 2793 1793 2860 Neumannus

226 2886 301 2946 nius
330 2884 384 2965 ῃ),
426 2879 592 2948 ΠΟΛΙΝ.
628 2884 861 2949 ΑΒΔΗΡΑΝ.
899 2882 995 2952 ΕΠΙ.
1030 2900 1161 2961 noster,
1190 2885 1295 2948 videri
1324 2885 1414 2967 'Pejis
1443 2887 1635 2954 tribuendos
1664 2916 1792 2976 numos,

216 2977 435 3048 ΘΡΑΚΑΣ.
458 2983 699 3054 ΗΡΑΚΛΗΣ.
730 2983 914 3064 ΩΚΙΣΕ.’,
942 3011 996 3050 ur·
1029 2987 1073 3052 in
1103 2985 1220 3071 quibus
1265 2985 1409 3067 gryphus
1452 2989 1612 3051 orientem
1647 2997 1793 3080 respicit,

227 3091 487 3156 benefitiorum
519 3095 674 3154 Threciae
701 3094 854 3154 Herculea
888 3093 994 3154 condi·
1031 3086 1201 3162 Abdarae,
1231 3086 1264 3146 in
1295 3085 1412 3171 quibus
1441 3088 1469 3150 is
1494 3089 1526 3150 in
1551 3110 1700 3156 occasum
1724 3118 1794 3160 ver·

227 3195 300 3264 etit,
330 3209 451 3273 nempe
479 3189 866 3277 cognominandorum
890 3190 996 3252 Thro·
1030 3190 1125 3260 titur,
1149 3201 1181 3249 et
1196 3187 1320 3265 fateor,
1342 3190 1374 3250 in
1399 3189 1505 3250 numia
1526 3193 1583 3267 iis,
1607 3195 1663 3278 qui
1684 3217 1720 3259 se
1742 3197 1797 3261 ad-

227 3291 295 3354 nici
315 3289 354 3352 F.
379 3289 466 3356 Vide
488 3305 522 3356 et
543 3294 782 3378 Apollodorum
799 3295 844 3370 ⁰),
867 3306 900 3356 et
920 3291 997 3355 Phi·
1032 3291 1153 3373 scripto
1177 3287 1266 3352 urbis
1289 3291 1421 3354 nomine
1445 3291 1664 3378 distinguunt,
1697 3316 1796 3384 exp-

228 3393 401 3455 lcstratum
420 3399 462 3472 r).
498 3395 542 3458 At
573 3416 689 3460 rerum
718 3396 923 3462 conditorem
954 3393 995 3459 ex
1030 3396 1205 3456 rimantem
1228 3391 1316 3453 istud
1336 3411 1412 3454 raro
1434 3391 1562 3457 fallere.
1592 3397 1668 3478 Ejus
1689 3397 1795 3463 adfine

228 3493 367 3559 historia
381 3513 458 3557 mox
473 3495 631 3560 dabimus.
683 3567 690 3573 ,
913 3475 919 3488 ⁸
1031 3495 1220 3578 exemplum
1263 3491 1422 3574 praebent
1457 3494 1554 3556 etiam
1594 3497 1626 3557 in
1664 3515 1796 3568 moneta

1033 3619 1089 3662 sua
1119 3593 1293 3680 Apollonia
1323 3607 1355 3654 et
1382 3593 1634 3676 Dyrrhachium.
1657 3599 1795 3663 Abderi.

1032 3713 1085 3762 tae
1115 3693 1233 3782 gryphi
1254 3710 1366 3780 typum
1390 3716 1431 3759 ex
1453 3697 1629 3780 metropoli
1653 3703 1724 3762 'I'eo
1739 3721 1797 3785 pe·

271 3795 458 3880 Procedant
478 3798 620 3883 primum
639 3799 682 3879 ii,
703 3799 759 3885 qui
775 3799 925 3864 Abderse
939 3821 996 3864 uo·
1032 3800 1156 3874 rivere,
1185 3795 1272 3859 unde
1295 3810 1328 3858 et
1351 3795 1421 3892 ejus
1444 3817 1539 3860 causa
1560 3799 1711 3880 petenda.
1735 3804 1795 3866 Ce-

232 3917 307 3960 men
334 3897 562 3976 dissimulanti,
1030 3913 1138 3964 terum
1162 3899 1254 3982 Teji,
1275 3917 1349 3960 cum
1369 3898 1460 3961 ferre
1476 3898 1604 3960 nollent
1618 3899 1806 3966 Persarum·

274 4003 421 4080 Gryptlus
451 4007 486 4064 iu
515 4023 823 4080 occasumcsreus,
854 4010 888 4066 iu
918 4026 995 4068 orsu
1031 4000 1263 4074 contumelias,
1279 3997 1449 4059 'Abderam
1471 4016 1685 4077 concessere,
1708 4004 1801 4070 undo.

228 4091 383 4167 ΑΣΠΑ.
410 4107 465 4166 cel
489 4099 593 4170 HPO.
623 4101 648 4163 (i
677 4107 875 4182 Quadratum
911 4109 947 4168 iu
974 4113 998 4182 4
1031 4105 1179 4167 dictum:
1208 4091 1337 4176 Αβδηρα
1355 4101 1433 4175 rehu
1456 4096 1549 4174 Taua
1571 4095 1708 4178 ἄποικιιι,
1729 4112 1794 4172 Aa.
1889 4149 1893 4156 ι

225 4213 487 4281 perincertum.
518 4205 585 4268 att.
609 4205 636 4272 1.
657 4204 805 4288 (Huntcr
826 4203 859 4268 in
888 4207 996 4271 numia
1031 4212 1111 4269 dara
1134 4205 1269 4286 pulchra
1301 4203 1447 4279 l'ejorum
1475 4202 1631 4280 calocio,
1659 4203 1708 4268 de.
1732 4228 1795 4291 qua

229 4303 306 4366 rsit
320 4305 461 4385 luciae.)
504 4377 508 4382 ⁵
899 4355 904 4365 .
1032 4304 1191 4388 Teiorum
1212 4300 1344 4366 fortuna
1364 4298 1440 4380 yide
1461 4300 1657 4370 Strabonem
1679 4317 1714 4367 et
1728 4304 1805 4371 Hm

271 4407 395 4470 uadem
420 4412 558 4471 aduersa
585 4399 609 4465 ἲ
638 4407 734 4472 Dicta
762 4415 798 4473 s'n
824 4415 994 4496 quadrato,
1029 4407 1193 4471 nodotum.
1340 4486 1341 4493 ἵ

415 3631 591 3734 Autonomi
605 3669 811 3736 vetustiores.

349 4621 382 4691 ¹³)
395 4619 494 4678 locria.
511 4618 579 4678 alb.
595 4637 626 4696 p.
643 4629 707 4685 150.
827 4625 858 4696 ⁰)
873 4625 905 4680 L.
920 4619 957 4682 ΙΙ.
974 4637 998 4681 c:
1013 4617 1127 4692 ΝΒ.
1245 4613 1492 4687 r)1coues1·.ll.
1507 4633 1532 4673 c.
1549 4623 1597 4677 25.
1682 4603 1685 4608 ’
