4232 5488
292 612 366 692 roo
531 700 540 717 ,
955 540 1249 673 uu1sf

289 781 430 844 risimiio
457 787 508 840 est
533 775 649 840 risum.
673 776 848 851 Noveram,
871 769 1070 855 possemihi
1106 783 1156 847 te,
1188 785 1222 835 et
1245 773 1263 835 a'
1288 769 1477 835 Phoeniciis
1504 769 1591 834 haud
1617 767 1715 836 dubie
1740 773 1881 848 inrecto,

292 882 394 966 objici
441 877 715 974 Quinctilianum,
770 875 828 961 qui
865 875 1069 960 'Ciceronem
1104 870 1165 934 aed
1201 871 1291 957 quod
1327 885 1555 956 argumentum
1591 873 1688 950 letius
1717 895 1881 957 expensus

290 987 399 1068 ipsum
420 995 587 1044 auctorem
611 973 703 1057 citat,
728 978 822 1060 (inst.
852 977 892 1040 1..
918 977 943 1039 l.
970 993 1000 1038 o.
1020 973 1068 1054 4.)
1104 971 1273 1036 volumina
1304 975 1362 1041 lv.
1391 975 1587 1038 intractetu
1614 975 1765 1038 deuotis
1786 977 1884 1042 chro-

291 1087 519 1158 adrerentem,
548 1093 667 1158 testem
696 1077 879 1163 quempiam
902 1077 1070 1139 Graecum
1105 1072 1279 1155 noiogicia.
1324 1075 1433 1158 Atque
1471 1075 1555 1140 hanc
1593 1097 1656 1160 ogo
1697 1079 1878 1144 doctrinam

284 1207 334 1253 are
363 1186 504 1271 primam
529 1183 663 1266 quidem
685 1182 833 1254 literam,
857 1197 939 1262 quae
959 1189 1011 1238 est
1034 1177 1067 1240 in
1105 1172 1279 1237 mauiiesto
1317 1175 1470 1257 exemplo
1506 1179 1621 1261 scripti
1658 1174 1883 1242 ΕΑΛΕΙΩΝ

290 1288 453 1356 vocabulo
483 1288 686 1361 hadamar,
709 1281 885 1347 enunciare
909 1279 1068 1363 potuisse.
1104 1295 1166 1360 pro
1191 1268 1444 1354 ΦΑΛΕΙΩΝ,
1468 1290 1535 1340 tum
1559 1293 1592 1341 ct
1619 1280 1687 1344 FA.
1711 1281 1745 1340 in
1766 1278 1883 1346 druch·

291 1396 335 1458 At
365 1390 442 1454 uosi
471 1387 586 1460 etiem,
618 1384 704 1454 inter
727 1379 765 1444 ‹l›
788 1385 1011 1464 Graecorum,
1035 1395 1068 1444 ot
1105 1379 1167 1440 mia
1196 1376 1423 1453 Achaeorum,
1457 1375 1597 1444 ΕΑΣΤ.
1626 1374 1812 1442 ETFAPA
1844 1383 1880 1444 in

290 1492 522 1556 FLetinorum
537 1487 692 1572 exiguum
709 1484 811 1549 icisse
827 1495 971 1569 spectata
992 1503 1069 1567 pro·
1105 1479 1274 1566 argenteis
1294 1480 1514 1558 Boeotorum,
1538 1478 1822 1548 ΕΣΤΡΕΔΙΙΤΣ
1844 1484 1880 1544 iu

290 1593 502 1656 nnucintione
526 1587 714 1652 discrimen.
744 1587 799 1650 Ait
822 1584 1009 1650 Priscianus
1030 1580 1069 1666 ¹)=
1106 1582 1213 1644 nomio
1243 1581 1390 1664 Aspendi
1422 1581 1519 1666 piane
1551 1581 1773 1649 confirmatam
1804 1607 1883 1650 con·

290 1697 323 1758 F
347 1696 516 1757 Aeolicum
543 1695 725 1772 diffamare,
754 1691 843 1772 quod
874 1693 1069 1778 oped'onti·
1103 1683 1187 1768 jeci,
1218 1681 1251 1743 in
1274 1681 1391 1765 quibua
1413 1685 1567 1748 nimirum
1590 1680 1745 1768 ἀρχαῐκως
1767 1685 1794 1746 F
1817 1709 1879 1772 pro

290 1800 463 1882 qrsissimos
491 1793 680 1856 Latinorum
700 1795 834 1854 condem
856 1795 938 1862 uim,
969 1811 1067 1874 quam
1106 1778 1144 1843 ‘l'
1176 1785 1318 1870 positum
1349 1799 1455 1860 osset,
1487 1804 1689 1869 nequeeam
1713 1784 1788 1850 ioco
1811 1807 1878 1850 mo·

287 1901 378 1980 opud
389 1885 704 1966 Aaoteatabuu‘i',
723 1895 1068 1956 eumautamenotte
1107 1885 1176 1950 veri
1205 1906 1320 1968 posse,
1350 1885 1414 1948 niai
1436 1887 1508 1969 quis
1529 1886 1636 1952 cumis
1657 1882 1880 1952 FAAmttn

287 2019 419 2074 acorem,
446 2016 539 2082 patrm
560 2013 646 2060 nunc
665 1993 761 2056 dedet
785 1995 828 2057 F.
863 1997 1068 2076 sipnifieobat
1104 1987 1282 2052 certiorem
1321 1989 1417 2050 aliam
1457 1987 1594 2070 patriam
1633 2009 1710 2070 pree
1742 1989 1878 2053 Faliscis

290 2103 321 2161 Ρ
337 2119 409 2160 cum
431 2101 650 2174 aspiratione,
666 2099 714 2158 sic
734 2098 884 2158 mersam
908 2100 997 2174 epod
1016 2117 1068 2158 oe·
1102 2089 1207 2171 posuit
1233 2088 1417 2170 adsignare.
1460 2091 1568 2172 Atque
1591 2092 1654 2152 etsi
1676 2105 1806 2156 veteres
1828 2115 1879 2156 ar.-

290 2209 373 2262 torae
397 2193 539 2262 Gruecos
559 2218 620 2276 pro
647 2189 701 2272 il),
727 2199 854 2259 PetH.
876 2201 967 2260 Vnda
983 2217 1068 2260 mm
1103 2189 1145 2252 tia
1175 2190 1404 2276 grammaticsc
1435 2191 1583 2272 magistri
1611 2192 1643 2254 in
1675 2213 1715 2256 eo
1752 2199 1880 2282 conopi-

288 2319 414 2384 qnoquo
445 2287 485 2360 'iss
517 2301 652 2362 craecis
681 2301 866 2362 oraminibus
899 2303 1067 2382 antiquam
1104 2303 1337 2392 ressiftmssess.
1359 2289 1583 2378 inprimere
1610 2295 1812 2359 Graecorum
1833 2301 1880 2360 ul·

291 2405 483 2488 scripturam
527 2417 780 2477 serrames‘pro
821 2393 877 2473 (Ι),
914 2403 943 2461 P
971 2409 1004 2461 ct
1037 2401 1070 2460 H
1104 2389 1249 2474 phebeto
1270 2412 1336 2456 non
1359 2391 1524 2458 exstitisse
1546 2395 1747 2462 clementum
1764 2399 1879 2472 F,aed

288 2514 461 2582 mmm,
489 2495 783 2575 ήιμοΙιΡΗΕγε,
813 2503 1067 2578 ΡΗΑΕΤΗΟΝ,
1105 2515 1166 2578 pro
1197 2493 1480 2590 lrocusurputum
1514 2489 1548 2554 Π
1580 2497 1688 2565 nddita
1710 2503 1878 2582 aspiratio·

290 2591 419 2688 ic³quo
451 2597 635 2666 constiterit
664 2619 703 2663 ea
739 2599 927 2666 differentia
954 2622 971 2663 s
998 2598 1068 2662 Pri·
1105 2615 1148 2658 no
1169 2592 1221 2670 H,
1247 2611 1418 2681 notoquapr
1442 2596 1537 2660 litera
1561 2593 1598 2656 ‘l‘
1620 2617 1753 2687 recepta
1778 2619 1876 2676 esset.

290 2705 403 2769 scisco
434 2703 594 2768 vocabulo
621 2702 770 2768 PROPE
792 2703 949 2778 indicate,
981 2701 1068 2764 idem
1105 2719 1143 2761 ac
1165 2711 1336 2782 practerea
1360 2701 1422 2762 etei
1442 2700 1476 2760 in
1501 2702 1727 2766 vetustissimis
1748 2705 1880 2790 quibua·

292 2806 437 2891 expiicst
461 2803 540 2867 olibi
562 2809 623 2890 ¹¹¹):
654 2809 725 2870 Hoc
746 2818 852 2872 tomen
875 2809 959 2868 scire
977 2809 1080 2868 dade·
1105 2817 1170 2882 que
1200 2802 1436 2876 marmoribus,
1467 2803 1727 2888 quotiescunque
1753 2799 1790 2865 ‘l’
1823 2827 1879 2870 cx·

290 2929 379 2982 mne,
409 2911 581 2989 puerinon
602 2920 669 2971 tens
690 2913 770 2991 picis
801 2911 905 2974 labris
928 2917 978 2968 eat
995 2927 1068 2984 pro·
1103 2897 1260 2963 arandum
1296 2901 1376 2978 suit,
1413 2924 1577 2987 nunquam
1606 2927 1667 2986 pro
1698 2909 1762 2972 hoc
1785 2929 1880 2993 repe·

290 3011 477 3072 nuncianda
502 3011 543 3084 F,
566 3015 722 3092 quoauoo'o
742 3003 799 3084 tlt,
822 3019 919 3093 etque
943 3011 1068 3072 doceo·
1103 3001 1219 3064 riasem
1251 3001 1407 3087 scriptum
1439 3004 1483 3079 F,
1514 3007 1572 3070 sed
1603 3027 1734 3090 semper
1762 3021 1816 3072 sut
1839 3001 1877 3096 ‘i’

293 3113 359 3171 tum
389 3117 523 3172 interest
550 3115 634 3174 inter
663 3113 693 3172 F
722 3121 755 3173 et
783 3103 830 3170 (l’.
883 3111 927 3172 Et
960 3107 1066 3172 inires
1103 3101 1254 3188 antiquae
1284 3103 1431 3184 formae,
1462 3121 1517 3170 out
1547 3107 1671 3172 dictum
1708 3103 1797 3188 ΠΗ,
1833 3125 1878 3180 ts·

289 3209 387 3293 (Pag.
413 3209 503 3288 disp.)
534 3213 595 3272 Eat
616 3215 730 3292 aliquo
753 3215 1067 3288 inpronunciotione
1103 3227 1179 3270 meu
1209 3207 1289 3270 tenti
1317 3207 1397 3274 mihi
1425 3207 1582 3292 ponderis
1616 3211 1683 3274 sisa
1713 3226 1786 3274 sunt
1820 3235 1877 3295 pu·

291 3315 362 3389 ejus
392 3313 507 3374 literne
534 3315 719 3394 differentia
751 3313 781 3372 Ρ
800 3331 871 3374 enm
894 3333 972 3376 sono
997 3315 1067 3390 PH,
1103 3309 1189 3373 biics
1228 3307 1309 3371 heco
1352 3329 1526 3372 numerum
1578 3328 1823 3389 monumenta,·
1843 3330 1876 3376 ut

288 3425 327 3477 ut
338 3417 479 3476 ostendit
494 3418 596 3493 ipsius
606 3417 716 3493 puleii
725 3416 849 3490 pulses,
859 3415 1003 3492 linquae,
1020 3417 1070 3494 lo·
1102 3431 1169 3474 uon
1200 3409 1402 3487 debitorem,
1432 3429 1548 3474 corum
1580 3407 1712 3476 oracula
1745 3413 1875 3500 quibua·

289 3516 428 3576 brorum.
446 3514 652 3595 [aegeetism
671 3511 927 3607 Quinctiliauum
949 3515 1068 3576 utrius·
1104 3499 1234 3598 cunque
1274 3513 1563 3598 grammaticorum
1602 3517 1788 3601 praeceptis
1821 3541 1874 3580 sn·

290 3633 355 3698 que
377 3613 495 3678 literae
517 3635 633 3679 sonum
658 3614 936 3679 discriminantem
952 3617 996 3699 ¹¹).
1014 3619 1066 3678 Ex
1104 3615 1246 3688 tcierre,
1290 3634 1398 3696 neque
1442 3614 1672 3698 desperarem,
1713 3637 1873 3682 murmura

287 3733 359 3810 'quo
384 3737 506 3798 arguo,
529 3717 601 3780 soni
632 3715 830 3793 discrimen,
860 3731 956 3802 atque
978 3717 1066 3780 istud
1102 3713 1276 3799 uliqunndo
1314 3701 1447 3782 Grecos¹
1477 3718 1509 3778 in
1549 3719 1658 3780 iucem
1695 3719 1873 3805 proditura,

288 3817 526 3902 perexiguum,
565 3839 771 3904 nequaquam
812 3817 961 3894 obstare,
998 3839 1064 3903 quo
1085 3839 1184 3901 -quue
1208 3818 1331 3900 scripto
1353 3820 1380 3882 Ρ
1402 3842 1463 3905 pro
1489 3809 1531 3878 ψ’
1548 3823 1744 3898 pertentium
1768 3843 1870 3886 meam
1968 3839 1983 3860 ‘

287 3919 396 3982 minue
427 3919 520 3982 credi
549 3920 669 4003 possit,
691 3921 883 3984 Latinorum
905 3921 933 3984 F
956 3920 1065 4006 perin·
1101 3919 1343 3986 confirmerent.

289 4017 331 4082 de
355 4041 392 4084 ec
417 4043 628 4108 quoacunque
654 4021 733 4086 alias
759 4021 877 4102 literne,
900 4043 941 4086 cx
976 4039 1065 4086 ectu·
1143 4027 1186 4088 At
1216 4024 1303 4086 enim
1327 4025 1478 4089 universa
1500 4025 1582 4090 haec
1602 4024 1642 4088 iia
1665 4027 1759 4088 unius
1782 4025 1874 4088 verbi

288 4122 433 4184 stisaimo
461 4125 665 4204 Graecorum
696 4125 871 4210 alphabeto
912 4127 1064 4210 deprom·
1100 4111 1325 4188 ΕἈΛΕΙΩΝ
1347 4141 1614 4211 ergoauacepta,
1633 4124 1777 4188 fueritne
1795 4127 1872 4190 oiim

288 4235 381 4304 ptum
405 4223 517 4290 iuiaae.
563 4226 652 4290 Idem
679 4227 819 4291 sundere
838 4227 1066 4292 mihisidebe·
1101 4230 1129 4290 F
1164 4227 1197 4288 ic
1232 4227 1435 4290 Graecorum
1474 4227 1666 4311 alphabeto.
1704 4243 1739 4290 et
1776 4251 1869 4314 quam

289 4336 345 4418 tur
366 4325 483 4389 eedem
506 4326 620 4404 litera,
651 4329 726 4410 quia
757 4343 850 4404 sexto
875 4332 951 4394 ioco
979 4330 1066 4412 posi·
1100 4329 1166 4393 olio
1198 4329 1272 4392 ioco
1303 4331 1447 4394 curetiur
1477 4329 1684 4414 disceptabo.
1715 4333 1748 4392 ic
1779 4351 1875 4395 causa

295 4513 520 4531 m

408 4640 435 4715 Ι)
453 4643 513 4719 Ap.
532 4643 654 4702 Putsch:
670 4664 702 4723 p.
721 4651 783 4708 542.
848 4645 1129 4724 'm)1bid.p.54³.
1217 4648 1249 4716 ¹¹)
1273 4645 1344 4706 Irut.
1362 4648 1397 4708 L.
1411 4648 1478 4710 ΧΗ.
1496 4669 1521 4706 c·
1542 4659 1588 4713 10.
