4296 5494
228 597 230 604 ⁴
346 626 392 701 ss
839 591 1034 692 nuens
1086 605 1406 687 THRAC'IAE.

344 810 480 876 eamque
496 792 590 876 pulso
609 790 733 854 Seulhe
750 791 811 858 ΙΙΙ.
834 791 896 852 sibi
915 787 1052 868 subjecit
1066 787 1105 852 V.
1143 783 1371 864 Lysimachum
1390 781 1502 865 plures
1520 779 1615 842 Asiae
1638 779 1772 842 minoris
1797 777 1905 852 urbes,

344 893 380 955 C.
403 891 474 966 dia.
497 891 590 954 Belle
609 913 682 954 cum
701 892 798 956 variis
814 889 948 973 regibus
970 887 1106 950 aemulis
1142 885 1246 968 ipsein
1285 885 1382 952 eliam
1426 880 1594 966 Ephesum
1630 877 1825 962 aliquamdiu
1860 893 1906 942 lc·

346 994 474 1055 fortune
499 993 696 1078 plerumque
726 1013 886 1076 prospera
906 990 1024 1071 gessit,
1054 987 1106 1049 ad·
1143 988 1264 1049 nuisse.

340 1094 426 1174 jectu
448 1093 544 1154 elium
570 1109 644 1177 post
664 1093 826 1155 Demetrii
850 1091 959 1174 sugens
982 1088 1120 1171 juribus.
1268 1091 1270 1094 ’
1369 1104 1373 1112 ’
1457 1129 1477 1166 g
1519 1081 1537 1118 *
1580 1127 1599 1164 ,

343 1195 409 1256 suis
435 1195 636 1259 Macedonia.
672 1195 752 1258 Post
771 1213 891 1256 uxores
913 1191 990 1252 elias
1012 1192 1106 1252 Ama·
1184 1193 1286 1268 Caput
1306 1191 1392 1267 νομέα
1418 1191 1635 1250 diadematum
1654 1184 1908 1246 adstitutoaris·

344 1297 446 1357 strien
470 1295 651 1358 Heracleae
672 1295 767 1356 Ponti
788 1293 933 1374 reginam
956 1289 1046 1354 duxit
1072 1303 1105 1350 et
1141 1295 1184 1351 tis
1213 1309 1321 1350 corna.
1359 1279 1666 1348 ῑΒΑΣΙΛΕΩΣ.
1698 1273 1907 1342 ΛΤΣΙΜΑ-

345 1399 405 1458 hac
427 1396 595 1479 repudiata
620 1396 779 1457 Arsinoen
796 1381 978 1454 Plclemuei
998 1390 1106 1452 Phile·
1141 1383 1247 1450 XOT.
1270 1389 1381 1449 Pallas
1395 1391 1505 1450 sedens
1522 1393 1552 1450 d.
1572 1385 1789 1455 Victorinum,
1809 1400 1833 1440 s.
1851 1383 1907 1439 lra-

346 1495 458 1578 delphi
475 1516 640 1570 sororem,
664 1517 725 1580 qua
744 1496 918 1578 instigante
936 1513 1009 1556 cum
1024 1493 1106 1575 Age·
1141 1502 1241 1563 elam,
1269 1497 1302 1548 ct
1315 1491 1413 1549 simul
1430 1491 1539 1568 clypco
1554 1489 1691 1558 innixa,
1719 1503 1777 1561 per
1795 1499 1906 1541 ereum

346 1597 489 1658 slsoclem
511 1597 645 1660 alterius
671 1595 758 1658 thori
780 1594 901 1670 lilium,
943 1614 980 1656 ac
1008 1593 1049 1654 de
1071 1609 1106 1652 sc
1142 1595 1228 1652 varis·
1250 1590 1477 1666 magistratus,
1521 1587 1694 1660 attribute,
1737 1593 1769 1645 et
1795 1599 1906 1642 vocum

346 1699 442 1759 variis
465 1699 497 1760 in
519 1699 617 1760 bellis
638 1696 806 1780 praeclare
833 1695 983 1756 meritum
1008 1693 1106 1754 merli
1142 1689 1345 1766 compendia,
1375 1688 1414 1744 de
1435 1687 1548 1765 quibus
1573 1687 1671 1764 infru.
1704 1682 1773 1748 AV.
1796 1703 1840 1748 m.
1863 1699 1905 1738 m.

342 1797 527 1874 addiceret,
548 1798 736 1862 ebulienasis
752 1821 769 1859 a
784 1816 818 1857 se
836 1817 968 1858 suorum
991 1793 1105 1855 enimis
1142 1789 1210 1854 AR.
1233 1809 1276 1850 m.
1299 1807 1340 1848 m.
1362 1784 1441 1846 item
1465 1785 1491 1850 1.
1513 1797 1546 1848 et
1567 1785 1628 1848 ΙΙΙ.

343 1899 434 1962 belle
453 1921 471 1963 a
487 1899 625 1962 Seleuco
639 1897 804 1981 impetitus
821 1896 948 1960 collatis
965 1895 997 1955 in
1005 1895 1105 1974 Phry·
1183 1887 1312 1951 Nullius
1337 1905 1453 1965 rcgum
1475 1897 1624 1946 veterum
1644 1885 1733 1947 numi
1750 1881 1842 1944 aurei
1858 1901 1906 1940 ar·

345 2005 397 2082 giu
416 2001 518 2081 signis
534 2020 646 2066 caesus
664 2013 712 2060 est
731 2000 771 2064 V.
791 1999 906 2080 0472.
929 2017 1029 2061 annus
1051 2019 1105 2058 na·
1141 1989 1317 2072 gentcique
1333 1987 1457 2068 majore
1474 2005 1612 2049 numero
1636 1987 1811 2058 hahentur,
1835 1983 1905 2040 ¹¹⁰¹·

344 2117 394 2163 103
417 2101 489 2164 fere
511 2101 643 2167 Lxxx,
1141 2087 1204 2148 lius
1223 2089 1314 2150 aurei
1331 2100 1393 2150 tem
1420 2087 1564 2168 pondere
1588 2085 1797 2170 spectabiles.
1841 2083 1907 2140 Ex·

788 2261 794 2274 Ι
822 2202 824 2208 ’
1141 2201 1226 2251 stant
1253 2201 1390 2270 quatuor
1410 2189 1444 2250 in
1472 2207 1584 2250 museo
1611 2190 1791 2262 Caesareo,
1826 2203 1905 2269 quo·

633 2260 670 2318 Ν
686 2279 707 2318 '³
729 2278 759 2316 ἠ
781 2279 814 2316 ””
1141 2311 1213 2352 rum
1257 2289 1322 2352 duo
1361 2288 1483 2373 singuli
1515 2289 1703 2372 adpendens
1734 2285 1905 2350 drachmas

385 2399 484 2470 Caput
510 2395 655 2454 Palladis
680 2398 856 2484 galeatam.
879 2382 1106 2449 aessazsna-
1142 2391 1196 2456 1V.
1222 2411 1294 2454 cum
1318 2391 1451 2453 semisse
1466 2401 1499 2452 et
1515 2391 1624 2474 grauis
1639 2391 1744 2462 Xlll.‚
1767 2387 1831 2450 duo
1849 2385 1904 2448 alii

343 2487 426 2556 ΩΣ.
450 2487 753 2574 ΛΤΣΙΜΑΧΟΥ.
788 2483 935 2553 'Victoria
961 2499 1051 2550 stans
1073 2494 1102 2548 d.
1142 2491 1260 2573 singuli
1284 2492 1410 2554 unciam
1436 2493 1568 2554 omuino
1585 2511 1677 2552 unam
1694 2511 1768 2553 cum
1791 2488 1928 2550 drach·.

341 2601 502 2667 laureum,
526 2616 548 2656 s.
574 2597 757 2666 tridecim,
782 2597 816 2652 in
832 2612 910 2651 area
926 2601 1022 2670 caput
1041 2593 1105 2650 lec·
1141 2615 1208 2668 me,
1232 2606 1266 2655 et
1288 2594 1397 2675 grauis
1422 2595 1555 2658 xxvu.
1577 2593 1678 2654 Aurei
1698 2579 1757 2654 ill.
1778 2589 1903 2652 formae

341 2699 402 2758 uis.
425 2694 494 2763 AV.
518 2694 700 2772 (Pellerin.)
1140 2693 1212 2756 scre
1234 2694 1397 2778 argenteis
1421 2693 1523 2776 magis
1551 2693 1729 2778 parabiles,
1767 2691 1825 2752 sed
1847 2691 1905 2754 ho-

387 2800 486 2874 Ccpue
506 2799 654 2857 Herculis
683 2794 820 2856 imberbc
848 2794 950 2855 leonis
979 2793 1108 2854 exuviis
1143 2815 1214 2860 rum
1244 2795 1421 2877 plerosque
1450 2809 1587 2878 propter
1607 2807 1701 2876 typus
1723 2812 1836 2876 parurn
1860 2791 1904 2850 ni·

340 2907 464 2959 teclam.
488 2887 1106 2956 aeBnfflAEssZATleaxor.
1145 2893 1230 2956 lidos
1255 2893 1358 2957 videri
1390 2891 1481 2957 fusus
1509 2895 1570 2974 jam
1600 2893 1666 2955 dixi
1691 2894 1723 2954 in
1749 2889 1907 2974 l'rolego·
1964 2949 1971 2961 ,

249 3013 253 3020 '
340 3003 488 3078 duppitcr
504 3001 664 3059 sedeant.
681 3001 844 3080 aquilem,
864 3017 890 3058 s.
909 2999 1051 3068 kastam,
1074 2996 1108 3052 irs
1145 2995 1249 3056 menis
1278 2993 1485 3078 generalibus
1514 3017 1585 3080 cup.
1613 2997 1668 3058 Xl.
1698 2995 1823 3090 Quanla
1852 3013 1906 3056 cu·
1962 3011 1968 3029 ·

341 3119 420 3159 area
446 3103 663 3172 lensenses,
698 3084 885 3159 in'alterius
910 3114 988 3156 crea
1009 3113 1108 3174 equus
1144 3095 1197 3178 pis
1224 3109 1340 3176 potens
1368 3096 1422 3158 hic
1451 3117 1510 3160 rex
1541 3117 1656 3159 numos
1683 3117 1801 3158 aureos
1829 3094 1906 3156 feri·

343 3200 628 3272 inarrassemus,
650 3208 682 3258 ct
704 3201 753 3260 leo
770 3199 933 3258 dimidius.
955 3195 1025 3258 AR.
1049 3191 1108 3259 lII.
1145 3195 1250 3259 undas
1271 3183 1452 3272 curaverit,
1468 3189 1717 3283 -practerquam
1739 3195 1826 3284 quod
1848 3193 1922 3288 ¹¹⁰2

343 3299 442 3374 (llus.
467 3295 575 3374 Caes.)
1145 3300 1263 3381 dieque
1286 3319 1402 3382 magno
1424 3321 1562 3362 numero
1586 3319 1627 3360 cx
1642 3311 1750 3360 terrae
1772 3295 1906 3358 latebris

385 3397 430 3457 Hi
448 3397 616 3478 utriusque
641 3395 766 3458 melelli
788 3397 878 3460 nurui
892 3397 997 3482 ignoti
1014 3399 1108 3464 fuere
1146 3416 1314 3476 eruuntur,
1330 3402 1412 3463 illud
1428 3423 1527 3464 unum
1544 3398 1802 3485 argumentosis,
1820 3395 1905 3476 quod

345 3501 462 3578 Ceryo.
486 3499 655 3559 Deccmur
671 3497 711 3558 ab
730 3496 791 3574 his,
814 3499 1041 3580 Lysimachum
1058 3525 1110 3566 vc·
1144 3502 1249 3565 refert
1276 3505 1471 3582 Lataius0),
1510 3527 1530 3565 a
1552 3501 1717 3564 Wulsclsis
1742 3497 1906 3581 piscatori·

344 3614 432 3662 teres
450 3597 627 3661 Alexandri
643 3600 685 3658 Μ.
699 3610 794 3680 typos
811 3619 999 3676 revocasse,
1022 3605 1110 3688 quod
1145 3605 1205 3666 bus
1226 3607 1259 3666 in
1282 3605 1397 3688 lslriga
1421 3625 1515 3667 amne
1543 3617 1695 3686 repertos
1716 3619 1833 3661 numus
1854 3617 1906 3660 au·
1928 3647 1937 3652 -

346 3713 378 3760 el
393 3700 433 3760 ub
451 3701 521 3760 aliis
538 3699 671 3784 regibus
689 3699 757 3780 ejus
780 3677 1024 3766 successoribus
1044 3704 1110 3768 iuc-
1144 3724 1220 3766 rece
1243 3705 1315 3786 plus
1338 3707 1439 3770 millia
1459 3707 1547 3781 XL„
1591 3717 1623 3766 ct
1652 3723 1708 3764 cas
1729 3701 1906 3784 plerosque

344 3817 414 3863 tum
435 3801 628 3866 videbimus.
657 3801 847 3876 Verisimile
873 3816 936 3878 cst,
967 3805 1109 3884 signatos
1145 3803 1330 3884 Lysimachi
1354 3809 1486 3870 nomine
1508 3805 1662 3887 insignes.

346 3917 434 3976 tum,
457 3923 530 3964 cum
552 3903 776 3965 Macedoniam
795 3903 856 3964 sibi
875 3903 1024 3985 subjecit.
1048 3906 1109 3965 Ta·
1138 3889 1140 3894 ,
1186 3905 1221 3965 ln
1246 3907 1394 3968 omnibus
1418 3908 1468 3968 his
1491 3909 1596 3968 nemis
1625 3917 1721 3987 ceput
1749 3901 1837 3983 regis
1857 3890 1907 3958 vdi·

347 4021 422 4062 snen
443 4023 514 4064 cum
542 4002 626 4085 lypis
648 4003 763 4065 alienis
790 4017 838 4065 est
864 4027 958 4079 usus,
1002 4005 1108 4066 leonis
1144 4003 1309 4080 ademare,
1325 4006 1601 4070 escoruuerietis
1618 4005 1788 4085 gloriatur.
1811 4008 1907 4088 Speu-

349 4103 415 4175 sui,
451 4105 648 4185 praecipue,
679 4116 715 4167 ut
744 4105 945 4180 videbimus,
978 4106 1039 4170 sibi
1064 4107 1110 4167 di·
1145 4105 1290 4184 herulus,
1312 4127 1451 4189 eumque
1474 4109 1578 4171 secuti
1600 4103 1906 4168 aliiAlexendriM.

348 4201 426 4263 lccli
445 4201 564 4263 oblitus
581 4225 645 4266 non
663 4220 721 4270 est.
766 4209 873 4290 Equus
896 4209 1038 4270 marinus
1054 4229 1111 4268 nu·
1147 4207 1299 4288 exemplo
1336 4208 1428 4290 illud,
1450 4234 1475 4304 a¹
1496 4207 1691 4290 Lysimacho
1728 4203 1905 4266 adhibitum

349 4303 393 4362 mi
409 4304 567 4393 postrerni
592 4307 749 4388 suspicari
772 4309 868 4385 sacis,
891 4329 1025 4370 numum
1049 4308 1111 4393 sig·
1147 4327 1323 4382 censuere,
1367 4331 1482 4374 rerum
1510 4309 1645 4394 probavi
1675 4303 1750 4366 alibi
1773 4315 1820 4387 P),
1863 4305 1909 4369 ls-

349 4417 458 4467 natum
472 4403 555 4488 apud
572 4404 784 4486 Lampsacum
804 4409 937 4490 Mysiae.
968 4411 1112 4484 Constet,
1148 4421 1235 4470 ctum
1251 4407 1337 4470 istud
1352 4425 1543 4494 propterea,
1567 4412 1653 4504 quod
1668 4411 1789 4474 ducere
1806 4430 1908 4493 genus

363 4552 1895 4578 mmm-*m

464 4630 493 4698 ⁰)
511 4622 707 4686 Cosnmentui’.
724 4629 796 4703 reip.
812 4629 894 4688 Rom.
908 4630 940 4688 L.
954 4629 1019 4689 ΧΠ.
1036 4651 1060 4689 c.
1075 4639 1100 4690 1·
1212 4629 1245 4698 P)
1265 4628 1350 4686 Num·
1366 4641 1422 4687 Ἴθι·
1435 4651 1466 4709 Ρ·
1482 4639 1527 4694 53·
1577 4597 1580 4603 Ι
1602 4681 1606 4686 ·
