4232 5488
323 591 647 706 ooc 3
895 591 1334 670 ATTICA.

317 765 352 828 hi
375 759 467 828 numi
488 759 597 843 potios
617 756 748 824 suntad
766 759 913 826 Cranaen
937 763 1089 850 aliquam.
1169 767 1384 828 Autonomssm
1408 763 1473 827 hoc
1501 762 1608 828 refert
1635 762 1808 830 Combiuss
1840 765 1899 829 Ca·

319 871 361 931 ht
393 885 468 930 oum
499 861 533 923 in
566 880 665 925 numo
693 858 854 925 Otaciliae
884 865 970 951 apud
1003 865 1090 934 Vnil·
1120 875 1183 945 pot
1208 867 1299 928 bouis
1322 886 1396 929 essm
1415 857 1543 947 insulis.
1566 863 1590 925 ἶ
1617 858 1694 928 ΣΑ.
1711 871 1801 932 nullo
1826 871 1898 930 ulio

317 965 454 1034 lentium
470 957 883 1046 legetanPANAlssN.
907 962 1016 1033 ΑΘΗ.
1041 979 1090 1050 ty·
1124 977 1198 1048 typo
1223 967 1293 1032 ΑΕ.
1320 966 1361 1030 11.
1385 965 1557 1048 (Huuter.)
1579 966 1719 1049 jndicio,
1748 983 1785 1032 ut
1806 987 1897 1045 seor,

314 1088 357 1154 po
395 1065 510 1158 capitis
546 1064 734 1135 Minervae,
769 1063 804 1130 hi
833 1067 923 1130 numi
962 1067 1087 1132 Crunoe
1123 1065 1273 1144 incerto,
1296 1086 1369 1130 oum
1394 1079 1444 1133 tot
1474 1069 1604 1143 urbium
1625 1069 1757 1134 nomina
1778 1068 1896 1132 alahis

316 1169 444 1234 Atticae
484 1180 690 1250 competent,
721 1169 1020 1256 quomodocunque
1052 1189 1088 1230 ro
1124 1169 1230 1232 literis
1250 1168 1418 1252 incipiant.

316 1267 426 1339 ΑΘΗ.
455 1269 621 1354 explicare
652 1269 765 1344 voles3
797 1289 870 1332 nam
900 1289 968 1335 non
990 1269 1087 1334 audio
1168 1271 1274 1354 Saepo
1307 1271 1500 1337 hortabatur
1525 1273 1650 1336 enimus
1679 1271 1744 1336 huo
1774 1290 1895 1336 vocare

315 1373 526 1441 Vaillantium
570 1369 766 1435 docentem:
809 1373 846 1434 iss
887 1375 946 1435 doc
976 1369 1085 1440 ΑΘΗ.
1123 1384 1314 1436 autonomon
1356 1357 1464 1438 binos
1492 1387 1668 1458 argenteon
1708 1372 1910 1459 perantiqui¹

315 1476 497 1548 Αθηναιωι,
532 1479 619 1558 quod
652 1475 762 1536 Cranii
792 1475 1015 1554 cephalleniae
1041 1497 1090 1538 es·
1123 1473 1252 1560 operio,
1283 1473 1459 1560 inscriptos
1479 1469 1797 1537 zahnmtrttott
1807 1518 1816 1550 ,
1846 1488 1895 1556 ty·

314 1589 385 1643 sent
408 1578 648 1638 Atheniensium
667 1576 776 1638 coloni
798 1570 839 1652 ¹¹).
883 1571 1087 1660 Oportuerat
1121 1575 1173 1660 pis
1188 1575 1295 1654 uaria,
1319 1577 1434 1662 capitis
1455 1575 1510 1641 vel
1533 1595 1637 1640 cornu
1660 1573 1789 1651 bovini,
1811 1575 1894 1640 arie·

314 1676 494 1744 sententiae
532 1673 629 1757 huju's
667 1673 809 1761 aliquem
845 1695 887 1739 ex
919 1678 1086 1744 veteribus
1121 1675 1179 1754 tie,
1208 1697 1291 1763 quos
1320 1699 1337 1740 s
1366 1697 1408 1740 se»
1430 1677 1581 1761 vulgatos
1609 1675 1807 1745 Pellerinius
1836 1677 1894 1740 Sa·

252 1832 262 1856 ,
313 1795 481 1844 auctorem
506 1777 622 1841 citare.
658 1775 694 1839 Si
715 1797 798 1863 ergo
819 1777 853 1842 hi
878 1778 969 1840 numi
991 1799 1085 1845 reve·
1120 1779 1232 1842 lamini
1254 1763 1354 1862 Cypri
1376 1775 1526 1858 donavit,
1547 1779 1665 1862 etipse
1682 1779 1717 1841 in
1743 1775 1806 1843 hac
1827 1777 1894 1842 lar·

312 1905 348 1945 ra
383 1879 424 1944 ad
451 1879 624 1953 Helenen,
665 1878 718 1940 rel
744 1881 889 1943 Cranaen
923 1895 1082 1966 oportent,
1120 1881 1191 1965 gina
1224 1876 1421 1945 describam.
1465 1881 1508 1942 Et
1535 1877 1632 1946 luere
1662 1893 1796 1966 praesto
1817 1895 1893 1944 cau·

206 2029 209 2036 ,
312 1983 442 2068 ridetur
472 1978 589 2043 incolis
619 1977 777 2043 vetustius
798 1981 940 2046 Cranaos
962 2001 1082 2045 nomen
1118 1999 1172 2045 sae
1192 1979 1398 2064 complures,
1414 1979 1542 2046 insulse
1556 1995 1688 2045 nomae
1706 1981 1891 2066 antiquitat,

312 2103 392 2170 prae
418 2079 605 2147 recentiore
630 2077 777 2142 Helenes
791 2081 1011 2165 Augustorum
1031 2103 1083 2147 ee·
1118 2095 1152 2145 et
1173 2081 1302 2144 illustre
1327 2098 1468 2157 nomen,
1490 2081 1684 2145 adumbrate
1695 2093 1775 2167 typo
1798 2083 1891 2146 uaris

312 2201 378 2250 tate
408 2181 588 2270 placuisse,
628 2195 661 2242 ut
684 2180 846 2244 Edesseni
868 2182 1081 2248 Macedoniae
1117 2199 1172 2245 res
1196 2183 1341 2260 nautica,
1365 2181 1693 2270 qunsioexcelluere
1710 2183 1891 2260 Salaminii,

312 2306 433 2351 nomen
454 2281 595 2348 edesius
622 2303 640 2344 a
663 2281 789 2347 Carano
814 2282 847 2344 in
865 2287 973 2370 degas
992 2299 1081 2350 com·
1117 2296 1170 2358 ut,
1200 2301 1274 2348 oum
1296 2285 1446 2350 Bacchus
1468 2285 1553 2368 apud
1575 2279 1831 2371 Aristophanem
1851 2305 1889 2349 se

313 2403 454 2454 nrutstee
473 2384 533 2448 auh
550 2385 705 2468 Augustis
723 2384 972 2452 resuscitatore.
1116 2383 1220 2452 vellet
1242 2381 1482 2463 domama»,
1503 2391 1606 2450 masis
1625 2392 1889 2471 incompre-

310 2489 502 2559 Amittit
1115 2483 1222 2564 lateri,
1256 2483 1456 2570 drahoepsrsos
1483 2507 1557 2553 aeae
1594 2485 1721 2554 diceret
1749 2482 1783 2560 ¹).
1834 2488 1885 2550 Ad

1116 2585 1197 2651 haec
1223 2601 1345 2680 „typum
1383 2589 1493 2673 arietis
1523 2587 1622 2655 offert
1652 2589 1750 2654 etism
1781 2589 1885 2654 vicina

526 2657 555 2718 ’ς
575 2657 609 2718 A
628 2657 655 2718 ¹⁴
675 2660 710 2720 A
730 2659 767 2722 Μ
784 2659 805 2718 ¹
824 2658 859 2718 S·
1116 2689 1253 2776 Aegina.
1278 2691 1429 2770 Accedit,
1457 2692 1485 2756 si
1504 2691 1588 2756 hanc
1610 2689 1807 2758 Salaminem
1829 2689 1887 2754 de·

353 2799 382 2858 E
413 2793 551 2874 regione
577 2791 759 2867 Eleusinia,
781 2789 1013 2868 Aeacidarum,
1036 2805 1081 2856 st·
1116 2812 1202 2869 mas,
1234 2793 1267 2855 in
1294 2794 1384 2858 nulla
1410 2791 1473 2858 elia
1499 2793 1629 2858 urbium
1651 2794 1767 2878 Cypri,
1796 2791 1886 2879 quod

310 2919 374 2986 que
404 2897 491 2960 inter
518 2894 580 2958 hos
611 2889 824 2958 illustrissimi
855 2892 961 2973 Ajauis
986 2891 1082 2957 Tela·
1114 2893 1272 2957 hactenus
1295 2909 1440 2972 constet,
1461 2909 1787 2974 numosautonomos
1805 2891 1886 2956 inis·

312 2999 414 3064 monii
449 2995 571 3081 petria,
609 3010 714 3059 mater
742 2991 914 3058 Salaminis
939 2995 1079 3080 Cypriae
1116 3015 1152 3058 ee
1175 2995 1329 3080 signatos.
1373 2997 1495 3060 Tamen
1520 3015 1624 3080 cogor
1639 2992 1794 3060 adsentiri
1808 2991 1884 3056 Pel·

310 3101 477 3164 a'l'oucr'o
493 3098 599 3180 Aiacis
615 3097 717 3160 fratre
736 3093 934 3172 aedificatae,
957 3110 988 3159 at
1010 3097 1081 3158 lon·
1115 3095 1235 3158 lerinlo
1258 3097 1309 3160 vel
1336 3097 1380 3160 ol)
1400 3092 1484 3162 hanc
1509 3119 1606 3161 unam
1630 3117 1771 3169 causam,
1794 3094 1882 3178 quod

309 3221 351 3284 ge
367 3196 585 3268 celeberrima
603 3195 835 3264 Themistoclis
851 3195 892 3258 de
911 3197 1020 3260 Persis
1034 3199 1079 3262 ri·
1112 3211 1287 3280 utrumqne
1310 3197 1397 3262 huuc
1421 3218 1555 3264 numum
1581 3197 1644 3263 sihi
1665 3199 1775 3281 Cypro
1795 3193 1883 3258 adla-

307 3303 414 3366 ‘ctoria
439 3297 555 3364 navali.
1114 3311 1182 3360 tum
1207 3311 1354 3366 testatur.

745 3641 1440 3718 PELOPONNESVS.
1539 3655 1543 3678 ⁴

308 3897 492 3981 Peninsula
512 3907 546 3971 in
565 3905 682 3998 plures·
694 3905 848 3989 regiones
865 3903 1075 3983 dirius,illu·
1111 3907 1188 3990 gine
1223 3905 1400 3990 insignem,
1442 3895 1594 3968 testatum
1624 3905 1790 3990 reliquere
1825 3915 1910 3968 res

308 4011 422 4076 strium
439 4009 634 4096 populorum
652 4005 770 4090 patrie,
792 4005 1075 4093 quosnonminua
1110 4022 1219 4083 teres,
1250 4021 1283 4071 et
1306 4005 1438 4093 quidem
1462 4005 1581 4068 Pollux
1605 4006 1676 4089 ejus
1692 4007 1799 4092 gentis
1820 4027 1879 4068 nu·

306 4099 389 4175 {ides
424 4110 595 4184 historice,
625 4129 721 4194 quam
744 4107 929 4174 fabularum
953 4108 1074 4193 inclyta
1111 4129 1181 4172 mos
1209 4107 1315 4173 dictos
1344 4111 1499 4194 χελωιας,
1529 4111 1719 4180 testudines,
1749 4121 1790 4170 ex
1819 4109 1879 4170 im·

309 4213 465 4276 memoria
485 4213 768 4278 commendavere.
1109 4231 1222 4296 pressa
1251 4210 1322 4294 ejus
1349 4205 1498 4275 animalis
1536 4199 1643 4290 ligura
1679 4207 1792 4284 docet,
1834 4229 1878 4272 ex

348 4313 598 4399 Peloponnesiis
620 4314 654 4375 in
670 4331 794 4398 genere
808 4311 972 4398 propriam
995 4311 1074 4375 luis·
1109 4332 1174 4398 quo
1195 4327 1304 4377 ortum
1326 4311 1493 4396 adsgiumr
1523 4297 1725 4375 uirtutem'et
1750 4313 1879 4388 raptas·

307 4438 343 4482 se
372 4429 553 4492 monetam,
583 4427 617 4476 et
640 4413 773 4500 quidem
796 4413 968 4479 testudinis
995 4413 1073 4479 iuss·
1107 4418 1188 4480 tiam
1214 4418 1347 4478 rinconi
1363 4415 1536 4478 testudines
1556 4412 1610 4494 ¹²¹).
1640 4409 1696 4476 Sic
1718 4423 1752 4474 et
1772 4410 1878 4492 Hesy-

420 4626 454 4700 a)
471 4609 559 4686 run.
576 4625 727 4704 (που.
744 4635 805 4692 199.
896 4627 920 4700 t)
939 4626 1198 4690 metuissem.
1274 4624 1315 4698 m>
1334 4621 1368 4682 a.
1386 4619 1437 4684 m.
1456 4623 1541 4695 §.so
1594 4665 1601 4673 .
1707 4579 1712 4581 ⁸
