4232 5488
808 581 1245 655 ATTVICA.
1460 557 1477 690 s
1747 600 1818 666 ‘211

248 729 319 829 ma]
350 770 438 834 quae·
465 751 510 814 eit
540 753 631 838 quati
660 747 725 828 ἕικη
754 775 807 836 μεν
835 775 1020 837 aaarptparac,
1054 751 1214 817 Graeciae
1237 767 1270 814 et
1289 751 1442 829 Siciliae,
1464 751 1522 814 ted
1544 753 1579 844 et
1592 753 1740 837 reliquae
1757 757 1823 818 Eu·
1849 793 1855 812 ι
1890 815 1894 821 .

247 879 297 914 aaa
330 856 482 926 σολοικκς,
522 865 635 942 temere
665 857 797 935 aiqneta
824 867 856 917 et
883 861 1017 920 aolccca.
1054 875 1171 940 ropae,
1196 855 1313 932 Aatae,·
1333 852 1480 929 Alricae‘,
1501 875 1544 917 ne
1571 853 1705 940 quidenr
1731 875 1825 920 exce·

246 959 400 1020 Causam.
414 952 589 1036 neglectae
611 953 645 1027 in
671 970 802 1020 moneta
822 958 928 1022 httioa
951 955 1020 1018 ele·
1039 956 1119 1042 :ptia
1135 953 1367 1032 Acarnanibn't,
1389 955 1546 1040 Epirotis,
1569 957 1826 1030 Lucrionem·

243 1059 376 1142 gantiae
414 1053 554 1118 difficile
594 1067 645 1119 eet
662 1056 831 1124 divinare.
875 1059 1020 1142 Spenhe·
1055 1059 1116 1136 tie,
1148 1047 1350 1135 Thracibus,
1373 1057 1535 1140 Siphniie,
1559 1057 1740 1141 Seriphiia,
1762 1059 1825 1141 ey-

247 1157 334 1220 mine
365 1177 440 1220 cum
470 1157 617 1235 rideret,
647 1158 688 1220 ab
711 1159 931 1244 Aristophane
962 1161 1183 1222 rau-‘reuaeia
1220 1175 1284 1224 eto.
1323 1179 1483 1224 commem
1513 1155 1718 1240 deprehendi
1745 1163 1824 1225 artie

246 1279 320 1334 moa
355 1258 480 1320 Atticos
519 1281 537 1322 a
572 1259 813 1346 pulchritudine
856 1281 1020 1325 commen·
1053 1259 1330 1346 perlectionem..
1363 1261 1454 1342 Ergo
1479 1259 1646 1324 :civitatee
1696 1282 1822 1340 omnes,

245 1359 337 1436 deri,
367 1371 554 1436 eoe'eero,
584 1381 667 1445 quoa
694 1363 828 1446 fortuna
852 1363 947 1424 nobis
969 1383 1020 1426 re·
1041 1365 1339 1446 quantumcunque
1371 1359 1537 1438 modicae,
1553 1377 1593 1426 et
1614 1364 1670 1428 vix
1690 1365 1825 1430 nomine

244 1461 343 1546 liquit
364 1462 576 1544 tuperatitea,
599 1464 730 1527 laudem
752 1464 835 1528 hanc
857 1483 921 1526 non
946 1484 1020 1554 pro5
1055 1465 1222 1550 cognitae,
1252 1466 1357 1548 qualia
1390 1461 1451 1526 luit
1475 1475 1505 1530 r'.
1529 1487 1561 1549 g.
1583 1464 1723 1548 Sybritia
1747 1470 1825 1532 Cre·

211 1565 218 1586 '
247 1563 388 1639 mereri,
426 1564 501 1648 jure
533 1562 677 1628 dubitari
714 1568 812 1651 poree
846 1566 1019 1642 arietinae,
1054 1578 1126 1640 tae,
1149 1565 1231 1628 adeo
1253 1563 1348 1629 fuere
1371 1559 1767 1648 elegentiee‘ttudicaae,
1791 1583 1826 1630 ut

245 1675 368 1727 utrum:
387 1667 557 1748 elegantes
573 1667 622 1728 hi
650 1665 721 1752 ejut
751 1666 847 1746 reip..
865 1667 956 1728 numi
978 1667 1019 1729 ad
1055 1687 1109 1728 eac
1138 1687 1204 1729 non
1227 1665 1451 1743 absterrerent
1473 1681 1621 1751 comptor
1642 1668 1675 1730 in
1697 1669 1823 1754 peritos

221 1753 308 1828 'noe
337 1767 550 1850 pervenerint
571 1768 615 1844 Ρ).
658 1769 701 1828 At
732 1764 819 1827 enim
853 1787 918 1829 non
942 1768 1019 1830 aetia
1055 1764 1198 1830 artifices
1219 1765 1381 1843 faciendi,
1410 1768 1591 1832 illae'ver'o
1612 1770 1761 1833 Atheneo
1783 1771 1823 1834 e'b

244 1865 416 1950 intelligo,
445 1889 530 1952 quae
560 1887 654 1930 cauea
683 1866 803 1944 fuerit,
833 1889 893 1933 cur
922 1869 1019 1954 longa
1056 1889 1192 1950 operum
1231 1865 1487 1950 magnificentia,
1530 1881 1564 1932 et
1601 1869 1823 1956 cujuscunque

245 1981 374 2046 aetat,
395 1991 478 2053 quae
516 1971 650 2033 aliarum
670 1988 832 2052 rerump.
862 1971 1021 2054 eleganti·
1055 1971 1134 2034 artie
1163 1969 1277 2032 etudiia
1310 1970 1393 2034 adeo
1422 1971 1578 2035 laudatae
1608 1971 1825 2056 cognitaeque

207 2065 214 2075 ’
246 2069 310 2132 bet
339 2072 447 2134 numia
474 2069 642 2154 pepercit,
675 2069 707 2128 in
730 2069 820 2132 soloe
842 2071 1020 2136 Athenien·
1055 2070 1087 2131 iu
1120 2071 1261 2152 naarai
1289 2073 1490 2138 monetariae
1519 2093 1615 2137 cauea
1641 2083 1706 2134 tam
1729 2072 1823 2134 suere

246 2172 330 2233 aium
361 2171 532 2256 eleganter
559 2191 675 2234 numne
704 2171 862 2244 teariret,
892 2185 1021 2236 et-tan·
1056 2174 1145 2236 omni
1168 2185 1273 2238 aetate
1296 2191 1413 2258 parcae
1436 2186 1469 2236 ct
1490 2171 1695 2236 illiberalea‘?
1734 2172 1825 2236 Istud

247 2287 318 2336 tum
349 2291 465 2336 eorum
496 2285 646 2337 monetae
685 2273 813 2336 rudiori
847 2272 1021 2356 indulgen·
1056 2291 1091 2344 ut
1122 2276 1273 2350 credam,
1303 2277 1530 2358 nunquamin
1561 2277 1702 2338 animum
1733 2275 1842 2338 indu·'

246 2389 316 2440 tem
346 2381 420 2440 aede
447 2377 634 2459 praeberet.
679 2372 779 2466 Quod
800 2375 828 2436 ei
849 2389 945 2460 poeta
967 2396 1021 2440 co·
1055 2399 1157 2454 xero,
1189 2393 1223 2440 et
1251 2395 1293 2440 ne
1321 2389 1389 2438 tum
1420 2376 1572 2461 quidem,
1603 2377 1630 2436 ai
1651 2375 1741 2438 nulla
1764 2376 1825 2440 alia

246 2477 352 2540 mione
374 2496 416 2540 eo
439 2479 516 2542 loco
539 2477 802 2561 numoapatrioa
827 2493 922 2540 rooat
948 2481 1021 2538 arah-
1057 2493 1245 2563 aupereaaet
1269 2477 1487 2562 reperiundae
1510 2497 1626 2543 caueae
1642 2479 1694 2569 eia
1726 2480 1828 2541 Forte
1943 2508 1948 2522 ·

246 2584 377 2657 λιστυς,
407 2601 472 2642 non
490 2578 615 2642 hercle
643 2578 789 2659 respexit
818 2589 940 2656 artem,
963 2577 1022 2642 aed
1057 2599 1122 2642 non
1154 2597 1328 2662 erravero,
1359 2580 1386 2640 ei
1415 2578 1495 2640 artie
1517 2578 1682 2644 deiectum
1704 2581 1738 2641 in
1761 2601 1830 2643 mo·

247 2681 358 2764 potina
394 2680 590 2765 probitatem
627 2679 752 2756 metalli¹
779 2681 958 2775 internamt
989 2695 1023 2742 ut
1057 2685 1132 2743 neta
1169 2679 1325 2764 principie
1358 2677 1516 2742 Graeciae
1551 2680 1666 2763 populi
1703 2687 1769 2742 noir
1810 2703 1828 2742 a

249 2803 293 2846 ex
328 2779 477 2847 vereibut
513 2781 671 2846 connexis
713 2779 838 2865 liquido
876 2795 1021 2865 apparet.
1058 2781 1189 2844 sordida
1224 2779 1532 2864 parcimonia,.eed
1561 2792 1653 2843 certo
1684 2779 1824 2843 coneilio

251 2883 302 2949 ct.
330 2884 431 2946 Pauur
462 2881 550 2944 hunc
578 2879 790 2966 perfectioriu
819 2884 898 2947 artie
932 2882 1023 2944 dele·
1057 2881 1273 2966 repetendum
1296 2881 1457 2948 exiatinro.
1501 2861 1755 2944 llinore‘ealioa
1784 2884 1829 2945 oi·

250 2999 339 3050 ctam
378 2983 411 3044 iu
448 2982 678 3067 parcimoniam
709 2984 855 3068 ⁴rebuap.
885 2983 1022 3047 familia·
1058 2984 1191 3057 vitatae,
1229 2999 1430 3068 quarumque
1462 2980 1636 3066 imperium
1668 2985 1749 3066 agri.
1776 2983 1826 3046 eui

250 3105 321 3150 reni
360 3085 520 3168 conjicit,
539 3087 768 3168 quaeetoribue
808 3087 925 3150 aerarii
956 3101 1019 3150 tam
1057 3082 1175 3147 finibue
1205 3083 1489 3168 circumscriptum
1517 3081 1595 3158 fuit,
1624 3078 1690 3166 pro¹
1708 3086 1824 3151 artium
1924 3072 1928 3084 ’

250 3205 352 3250 tenue
391 3205 512 3272 operae
547 3188 688 3270 pretium
721 3189 952 3267 statuentibus,
985 3203 1021 3252 ut
1058 3185 1144 3269 apud
1171 3191 1415 3275 ae'progreeao
1438 3184 1534 3246 etiam
1558 3187 1831 3269 elegantiae-mo·

249 3289 408 3352 melior-ea
430 3289 577 3350 artificee'
594 3287 817 3354 detrectarent
843 3291 936 3374 operi
959 3313 1023 3352 ma·
1056 3302 1153 3352 natae
1196 3306 1274 3350 auae
1310 3285 1489 3362 atuduiare,
1532 3289 1735 3374 nequaquam
1752 3337 1754 3343 a
1771 3289 1830 3351 mi-

249 3413 329 3454 num
359 3389 517 3454 adhibere
542 3391 586 3474 q).
630 3392 721 3456 Haeo
741 3401 825 3455 'cum
861 3390 1022 3468 scriberet
1056 3413 1148 3468 rum,
1179 3389 1255 3476 quia
1283 3389 1353 3470 ejue
1375 3409 1452 3452 unua
1473 3389 1507 3450 in
1528 3389 1825 3453 rerum'vanalium

252 3495 319 3572 eir,
349 3491 437 3578 quo'd
464 3492 609 3556 libenter
637 3491 814 3576 profiteor,
852 3493 1020 3576 praeclare
1057 3493 1132 3557 loro
1171 3513 1189 3553 e
1224 3489 1415 3574 magistratu
1450 3491 1610 3574 imperari
1631 3492 1755 3576 potuit,
1785 3497 1825 3554 ed

249 3595 416 3672 eruditus,
438 3595 625 3680 exemplum
650 3608 683 3657 et
707 3595 777 3679 ipae
794 3592 901 3672 dedit,
925 3615 1019 3680 qnam
1056 3608 1185 3658 exterae
1214 3606 1321 3656 autem
1359 3592 1507 3654 uatiouea
1538 3597 1575 3653 ae
1606 3611 1674 3684 ‘non
1701 3595 1827 3675 'porre-

249 3697 482 3782 perieuloturn'
505 3697 547 3760 eit
567 3711 708 3760 tractare
729 3701 956 3779 argumentum
980 3697 1021 3758 ui·
1055 3695 1113 3762 xit.
1154 3695 1225 3758 attia
1266 3693 1330 3757 fair
1371 3705 1520 3757 monetae
1563 3693 1689 3756 Atticae
1731 3697 1829 3774 ratio,

250 3819 295 3862 ne
323 3817 435 3861 rerum
457 3801 601 3862 omnium
624 3819 665 3862 eo
686 3798 920 3883 pertinentium
943 3797 1020 3858 eoli·
1055 3817 1137 3882 quae
1167 3810 1305 3882 prepter
1332 3796 1458 3879 copiam
1484 3807 1524 3855 et
1552 3794 1687 3878 argenti,
1717 3794 1827 3877 probi.

244 3902 292 3972 ,da
321 3900 468 3966 scientia.
492 3902 549 3964 ·8i
578 3901 724 3964 nomaeet
744 3916 860 3962 numos
882 3899 1017 3961 aliarum
1053 3912 1154 3964 tatem
1193 3919 1282 3975 non¹
1305 3897 1404 3958 modo
1450 3895 1630 3960 eommunia
1665 3894 1824 3960 Graeciae
1885 3917 1888 3926 ·

250 4001 411 4066 Graeciae
448 4001 634 4078 civitatum,
663 4001 798 4064 eidiaaet
825 3995 957 4086 utique,
984 4001 1018 4062 in
1056 4016 1185 4064 moneta
1214 3999 1323 4062 habita
1351 3995 1429 4075 fuit,
1461 4011 1497 4060 ut
1526 3998 1665 4062 diximus
1688 3999 1721 4059 in
1743 3997 1824 4061 Pro-

249 4105 359 4166 numie
403 4117 552 4168 monetae
588 4105 716 4169 Atticae
755 4101 885 4168 coaevis
921 4103 1017 4166 etiam
1055 4097 1477 4188 legomeniageneralibna
1505 4101 1611 4186 capite
1640 4099 1823 4176 XV1.,eed

249 4205 518 4270 teauittimorum
546 4205 741 4290 oppidorum
764 4225 829 4268 non
852 4205 950 4269 modo
971 4206 1019 4270 Μ.
1055 4205 1139 4291 apud
1168 4203 1320 4269 barbarea
1347 4201 1445 4262 etiam
1474 4215 1589 4286 genter
1625 4221 1720 4287 cauea
1755 4193 1823 4265 late

364 4621 398 4690 p)
418 4580 457 4676 ad
474 4615 573 4676 Ranae
589 4636 621 4678 v.
639 4629 701 4684 735.
753 4619 785 4693 q)
805 4617 969 4680 Rerhcrch.
987 4617 1064 4698 phil.
1083 4615 1196 4693 tuales
1217 4613 1308 4678 Grece
1327 4615 1361 4702 T.
1376 4613 1401 4676 l.
1418 4615 1452 4674 Ρ.
1469 4611 1506 4672 Π.
1525 4613 1605 4772 Sacdt·
1623 4611 1660 4676 V·
1678 4613 1703 4684 h·
1722 4621 1750 4677 2·

774 4725 777 4730 '
1528 4711 1559 4772 D
1600 4725 1619 4771 a
