4296 5494
664 600 868 674 anons
920 550 1356 678 naunoonntn.
1758 571 1805 682 aa

261 781 420 858 Papam.
451 768 717 836 theusetae
742 774 996 854 apponunt.
1035 773 1255 840 ΑΜΤΝΤΑ.
1295 774 1415 840 Vtrum
1437 787 1544 846 vcro,
1575 771 1665 855 quod
1689 770 1805 835 timide

470 869 620 940 MTm‘
1035 879 1233 960 auspicatur,
1256 873 1451 938 tribuendus
1472 873 1513 934 ait
1529 857 1688 956 Amyntas
1711 875 1806 938 Gals-

518 972 564 1040 M
1036 983 1108 1056 iac,
1126 977 1269 1042 dubitari
1285 991 1404 1063 potest.

263 1079 318 1141 De
331 1097 432 1140 numo
447 1079 512 1142 hoc
525 1077 609 1141 scite
626 1075 757 1140 disserit
774 1075 929 1142 ctvttiae
949 1077 996 1156 ο);
1092 1135 1094 1140 ,
1224 1083 1410 1144 ALEXA
1415 1083 1453 1141 N
1456 1080 1559 1140 cett
1582 1081 1609 1142 t.

223 1179 351 1242 editum
375 1200 447 1242 esse
469 1201 487 1242 a
510 1181 642 1262 Begero
665 1193 698 1242 et
713 1178 932 1260 Spauhemio,
956 1177 995 1238 ab
1073 1182 1242 1263 Amyntae
1253 1187 1278 1246 t.
1303 1185 1340 1245 tt.
1364 1191 1584 1262 cognomento
1606 1182 1721 1254 Dives,
1752 1179 1805 1241 vir

220 1295 366 1364 utroque
387 1281 486 1344 tribui
509 1286 667 1364 Amyntae
688 1285 734 1358 1.,
757 1286 829 1366 quia
857 1292 921 1344 tatu
947 1293 996 1362 ty·
1032 1285 1143 1346 multis
1153 1284 1306 1351 virtutum
1320 1283 1517 1345 ornamentis
1532 1279 1708 1362 praeditos.
1725 1281 1805 1342 Fra·

220 1403 290 1467 po,
314 1403 411 1466 quam
435 1383 735 1472 literarumforma
760 1382 873 1445 differt
897 1404 915 1444 a
938 1401 996 1443 nu·
1014 1404 1117 1450 aram
1144 1387 1257 1448 habuit
1280 1383 1550 1455 MENELAVM,
1569 1383 1624 1464 qui
1650 1395 1683 1443 et
1709 1385 1805 1444 Thar-

85 1567 90 1578 ·
223 1485 286 1548 mis
313 1487 477 1564 Amyntae
500 1485 541 1550 11.
575 1485 646 1548 Hos
668 1485 773 1548 minus
792 1482 996 1546 confidenter
1032 1494 1137 1550 ralecs
1161 1487 1285 1562 dictus,
1310 1505 1459 1549 sororem
1475 1481 1804 1547 cmmemores-

222 1597 375 1650 sccutum
401 1583 680 1649 Montiauconinm
705 1585 754 1665 ¹¹¹).
794 1584 861 1650 Sed
883 1585 922 1647 ab
944 1585 996 1646 his
1031 1603 1105 1651 tuus
1121 1587 1301 1650 secundum
1319 1589 1400 1650 alios
1413 1590 1454 1655 V.
1475 1588 1511 1650 C.
1525 1583 1803 1664 309,secnndum
1852 1593 1854 1598 ’

225 1686 310 1748 male
328 1686 452 1748 lectam
470 1683 1000 1770 epigraphemuempeBAMiM·
1033 1692 1114 1754 aiios
1141 1690 1262 1764 serius,
1288 1701 1320 1758 at
1334 1687 1512 1750 secundum
1537 1687 1725 1750 chronicon
1745 1687 1804 1748 Pa·
1825 1741 1828 1748 .

223 1782 389 1862 TUTM,
415 1807 488 1849 cum
505 1799 613 1850 tamen
635 1790 669 1850 in
688 1798 865 1872 praesente
885 1807 997 1864 numo,
1032 1793 1117 1854 rium
1134 1794 1180 1860 V.
1193 1793 1230 1854 G.
1246 1808 1318 1867 eut·

224 1887 317 1969 cujus
343 1887 469 1948 similes
488 1886 570 1950 dnos
595 1891 741 1970 possidet
754 1883 860 1952 David
875 1892 997 1950 Boean·
1336 1895 1373 1954 N
1385 1913 1407 1951 u
1425 1911 1456 1950 m
1474 1894 1498 1956 i.

225 2004 304 2075 quet
322 2001 495 2052 mercator
520 1988 758 2064 Laudicensis,
788 1992 917 2074 legatur
939 1991 997 2062 sic,
1080 1997 1137 2054 Vir
1152 1997 1295 2071 pileatus
1318 2011 1412 2074 eques
1434 1996 1520 2054 lento
1533 2010 1646 2070 pressu
1662 1996 1693 2052 d.
1710 1993 1803 2050 binas

229 2105 264 2154 ut
289 2111 393 2174 supra
415 2087 660 2173 descripsimus.
690 2093 778 2174 Ergo
798 2093 996 2174 Amyntael„
1033 2097 1155 2156 hastas.
1180 2089 1204 2150 Ξ
1227 2086 1538 2152 ΑΛΕΞΑΝΔΡΟΤ
1561 2095 1648 2153 intra
1666 2093 1806 2174 quadra·
1916 2147 1922 2156 ‚

226 2193 332 2256 tribui
348 2209 412 2252 uon
430 2209 539 2272 posse,
554 2193 748 2275 praesertim
767 2213 839 2256 cum
857 2191 997 2255 dubitari
1034 2184 1101 2258 cam
1119 2200 1273 2257 incassum.
1282 2192 1351 2256 AR.
1365 2194 1388 2254 l.
1404 2193 1517 2272 (Mem.
1532 2193 1621 2257 B.L.
1634 2195 1673 2255 Τ.
1682 2189 1802 2255 xxtv.

227 2307 339 2379 queat,
350 2305 491 2358 antone
506 2291 663 2376 temporis
680 2297 875 2377 permissum
896 2299 997 2362 fuet-it
1035 2316 1066 2376 p.
1084 2295 1152 2378 48.)
1747 2301 1757 2312 ”

229 2394 446 2460 Macedoniae
470 2393 634 2476 regibus,
664 2395 847 2460 inscribere
878 2419 998 2460 nomen
1080 2403 1137 2461 Vir
1149 2401 1289 2478 pilectae
1306 2417 1331 2460 s.
1346 2400 1409 2457 dcc
1416 2398 1535 2472 jacula
1549 2404 1804 2475 pestunscqrtcm

228 2516 324 2558 suum
350 2503 516 2570 monetae,
539 2514 612 2557 cnm
631 2509 714 2559 teste
726 2499 867 2581 Polybio
884 2503 910 2577 θ)
932 2505 998 2562 Ma·
1031 2504 1196 2580 frenatum
1220 2501 1420 2584 prodientem
1443 2499 1622 2558 comitatur.
1651 2487 1803 2549 MAE-

229 2597 375 2660 cedonea
393 2593 434 2658 ah
462 2597 594 2678 antiquo
618 2601 789 2682 aequalem
815 2621 888 2661 cum
913 2601 1000 2682 regi·
1035 2595 1227 2662 ΞΑΝΔΒΟ.
1249 2601 1401 2678 scriptum
1415 2601 1503 2658 circa
1520 2599 1712 2679 quadratam
1727 2613 1804 2673 quc·

227 2700 290 2763 bos
319 2698 387 2761 suis
412 2697 586 2760 habuerint
612 2713 817 2782 potestatem.
854 2702 998 2765 Dubium
1034 2702 1208 2782 drisaricm
1225 2701 1372 2760 da'viscm.
1392 2697 1462 2762 stt.
1483 2717 1526 2760 m.
1551 2719 1594 2758 m.
1615 2695 1689 2756 etl.
1715 2691 1805 2770 (Pet-

230 2819 355 2884 augere
379 2797 559 2883 praefixum
587 2801 700 2884 Bpro
728 2795 914 2880 Βασιλεως,
943 2805 999 2890 qui
1033 2800 1138 2875 lerin,
1159 2797 1191 2860 le
1210 2799 1314 2876 Bret.)

232 2899 347 2964 titulus
367 2914 441 2962 ants
459 2899 648 2982 Philippum
667 2903 707 2961 lt.
732 2902 766 2961 in
786 2903 999 2968 Macedoniae
1077 2901 1198 2964 Forma
1222 2897 1417 2976 literarum,
1445 2896 1631 2960 terminatio
1658 2895 1805 2979 plerum·

230 3021 349 3087 regum
366 3013 498 3064 moneta
513 3021 579 3064 non
596 3002 750 3066 occurrit.
780 3005 890 3087 ipsum
909 3007 1000 3091 numi
1036 3023 1099 3086 que
1133 3001 1167 3060 in
1198 2999 1247 3077 Ο,
1279 2999 1472 3083 quadratum
1493 2999 1660 3073 incusum,
1685 2994 1803 3071 omnia,

231 3122 313 3186 opus
350 3117 417 3164 tam
445 3117 604 3166 remotam
639 3119 777 3169 aetatem
807 3125 872 3168 non
896 3107 999 3173 olere.
1035 3108 1170 3189 leugam
1202 3103 1320 3163 horum
1348 3120 1523 3163 humorum
1550 3119 1665 3164 aevum
1686 3109 1807 3179 testan5

232 3205 438 3267 ilementum
467 3205 498 3266 0
530 3193 705 3287 quadratae
728 3205 880 3284 formae,
911 3194 999 3292 quod
1037 3218 1113 3282 tur,
1140 3223 1249 3290 neque
1277 3201 1402 3284 cogniti
1432 3201 1488 3263 attt
1513 3221 1630 3287 regum
1651 3197 1805 3266 Masada-

236 3303 274 3366 ad
310 3303 597 3367 demonstrandam
628 3318 747 3370 tantam
776 3310 999 3393 antiquitatem
1035 3309 1109 3370 niae
1131 3307 1222 3368 numi
1244 3307 1295 3367 his
1323 3305 1533 3388 antiquiores.
1570 3301 1662 3366 Nihil
1688 3301 1809 3374 obstat,
1874 3297 1900 3401 '³

230 3403 364 3467 maximi
398 3405 557 3469 momenti
594 3419 730 3489 putant,
767 3407 863 3472 etiam
895 3413 999 3476 serios
1037 3429 1101 3492 quo
1124 3408 1230 3470 minua
1253 3407 1396 3492 equitem
1422 3403 1523 3491 partis
1553 3404 1678 3468 auticae
1698 3401 1804 3484 ipsum

233 3503 333 3569 inisse
354 3521 562 3588 usurpatum,
584 3529 659 3569 uam
682 3505 874 3592 comparere
896 3513 930 3577 iu
959 3515 1001 3576 si·
1035 3531 1151 3597 regem
1168 3523 1355 3585 statuamus,
1372 3529 1447 3571 nam
1461 3502 1805 3592 pileoususestetiam
1830 3539 1833 3546 ·

234 3607 388 3672 muiacria
407 3605 581 3669 Hermaeis
601 3608 793 3690 Phocionis,
815 3615 999 3699 Speusippi,
1036 3615 1175 3679 Gentius
1196 3611 1295 3678 vicini
1319 3609 1442 3693 lllyrici
1462 3628 1533 3684 rex,
1555 3604 1708 3666 nimirum
1722 3619 1803 3662 uon·

236 3707 268 3769 io
281 3707 392 3770 numia
405 3708 634 3772 Arsacidarum
653 3719 715 3777 the.
743 3715 834 3778 Haeo
856 3717 1000 3800 praecla-
1037 3715 1114 3777 dum
1131 3727 1267 3795 recepto
1288 3727 1355 3775 tum
1378 3697 1587 3783 diademate,
1613 3718 1653 3767 et·
1671 3714 1803 3766 veteres

233 3827 271 3870 re
298 3810 352 3873 vir
375 3809 523 3872 eruditus
544 3817 999 3904 contraBsgerumetSpau·
1035 3813 1232 3879 Macedonas
1263 3827 1408 3895 gestasse
1444 3811 1574 3894 pileos,
1607 3803 1706 3866 tradit
1737 3799 1805 3862 Dio

235 3907 398 3984 hominm,
423 3909 485 3970 etsi
507 3912 578 3994 ipse
593 3913 750 4000 denique,
774 3919 826 3980 cni
846 3937 926 3980 vere
945 3918 1002 3979 tri·
1037 3917 1287 3996 chrysostomus
1308 3900 1809 3997 e).AAEEANePOgtgnendt

236 4004 358 4072 hueudi
367 4010 589 4094 cincignoret.
611 4017 902 4100 Aliquantosrrius
913 4017 1001 4080 idem
1038 4037 1131 4080 casus
1163 4031 1214 4078 est
1241 4035 1303 4102 pro
1335 4005 1675 4084 ΑΛΕΞΑΝΔΡΟΤ,
1707 4017 1805 4076 utet

237 4109 368 4176 dubium
389 4115 559 4198 occuparit
575 4116 813 4194 Proclichium,
836 4120 890 4202 qui
910 4132 1001 4183 recte
1039 4109 1282 4194 APXEAAO,
1314 4113 1355 4179 de
1379 4134 1443 4200 quo
1466 4112 1627 4199 proxime.
1659 4105 1690 4171 0
1720 4107 1807 4193 posi·

239 4211 358 4276 adserit
376 4211 423 4300 ί),
447 4217 554 4280 numia
569 4219 791 4282 Macedonicis
807 4221 910 4306 (aliam
930 4241 1003 4284 esse
1039 4233 1108 4284 tum
1144 4240 1206 4303 pro
1243 4217 1303 4281 OT
1347 4217 1546 4280 archaismus
1570 4233 1673 4297 purus
1707 4222 1806 4293 putus

236 4315 404 4396 speeiem,
447 4317 542 4380 aliam
596 4321 827 4405 epigraphen,
866 4342 1002 4407 nempet
1040 4337 1105 4400 est,
1137 4322 1229 4404 cujus
1258 4321 1408 4404 exempla
1435 4317 1530 4382 chria
1568 4328 1640 4376 sunt
1662 4313 1695 4374 in
1721 4329 1804 4370 mar-

247 4525 253 4540 ·
351 4551 381 4620 α)
403 4555 485 4613 Mus·
506 4549 651 4630 Botih'p·
671 4524 734 4618 i12·
786 4551 818 4628 at)
839 4557 989 4637 Palaeogr.
1012 4541 1243 4634 Graccp0121a
1294 4555 1323 4628 θ)
1343 4553 1375 4611 L.
1393 4553 1431 4617 V.
1449 4559 1536 4618 c2t.
1571 4523 1810 4620 ¹&Nobilem

238 4655 270 4712 lt·
288 4645 349 4702 1³93
401 4639 431 4712 ε)
448 4639 534 4702 Orat.
546 4653 590 4706 71.
605 4642 643 4702 de
659 4641 741 4703 coitu
759 4665 863 4749 serp.¹

1540 4737 1602 4796 hu
