<?xml version="1.0" encoding="UTF-8"?>
<!DOCTYPE html PUBLIC "-//W3C//DTD XHTML 1.0 Transitional//EN"
    "http://www.w3.org/TR/xhtml1/DTD/xhtml1-transitional.dtd">
<html xmlns="http://www.w3.org/1999/xhtml" xml:lang="en" lang="en">
 <head>
  <title>
</title>
<meta http-equiv="Content-Type" content="text/html;charset=utf-8" />
  <meta name='ocr-system' content='tesseract 3.04.00' />
  <meta name='ocr-capabilities' content='ocr_page ocr_carea ocr_par ocr_line ocrx_word'/>
</head>
<body>
  <div class='ocr_page' id='page_1' title='image "./doctrinanumorum00millgoog_0259.png"; bbox 0 0 4232 5488; ppageno 0'>
   <div class='ocr_carea' id='block_1_1' title="bbox 290 539 1297 667">
    <p class='ocr_par' dir='ltr' id='par_1_1' title="bbox 290 539 1297 667">
     <span class='ocr_line' id='line_1_1' title="bbox 290 539 1297 667; baseline -0.02 -5"><span class='ocrx_word' id='word_1_1' title='bbox 290 579 363 667; x_wconf 78' lang='lat' dir='ltr'><strong>uto</strong></span> <span class='ocrx_word' id='word_1_2' title='bbox 853 539 1297 646; x_wconf 73' lang='lat' dir='ltr'><strong>nonnul.</strong></span> 
     </span>
    </p>
   </div>
   <div class='ocr_carea' id='block_1_2' title="bbox 188 736 1928 3676">
    <p class='ocr_par' dir='ltr' id='par_1_2' title="bbox 188 736 1928 2965">
     <span class='ocr_line' id='line_1_2' title="bbox 291 736 1871 842; baseline -0.002 -28"><span class='ocrx_word' id='word_1_3' title='bbox 291 770 357 842; x_wconf 86' lang='lat' dir='ltr'><strong>que</strong></span> <span class='ocrx_word' id='word_1_4' title='bbox 386 745 574 830; x_wconf 76' lang='lat' dir='ltr'><strong>ambiguus,</strong></span> <span class='ocrx_word' id='word_1_5' title='bbox 603 755 793 832; x_wconf 85' lang='lat' dir='ltr'><strong>conceptam</strong></span> <span class='ocrx_word' id='word_1_6' title='bbox 816 741 859 806; x_wconf 90' lang='lat' dir='ltr'><strong>de</strong></span> <span class='ocrx_word' id='word_1_7' title='bbox 883 741 954 828; x_wconf 81' lang='lat' dir='ltr'><strong>ejua</strong></span> <span class='ocrx_word' id='word_1_8' title='bbox 977 741 1064 828; x_wconf 86' lang='lat' dir='ltr'><strong>reip.</strong></span> <span class='ocrx_word' id='word_1_9' title='bbox 1099 759 1242 826; x_wconf 81' lang='lat' dir='ltr'><strong>eumque</strong></span> <span class='ocrx_word' id='word_1_10' title='bbox 1272 753 1373 804; x_wconf 87' lang='lat' dir='ltr'><strong>numo</strong></span> <span class='ocrx_word' id='word_1_11' title='bbox 1400 736 1593 827; x_wconf 72' lang='lat' dir='ltr'><strong>inscriptum</strong></span> <span class='ocrx_word' id='word_1_12' title='bbox 1619 754 1771 828; x_wconf 85' lang='lat' dir='ltr'><strong>tauquam</strong></span> <span class='ocrx_word' id='word_1_13' title='bbox 1793 761 1871 812; x_wconf 83' lang='lat' dir='ltr'><strong>cou-</strong></span> 
     </span>
     <span class='ocr_line' id='line_1_3' title="bbox 291 839 1870 940; baseline -0.004 -22"><span class='ocrx_word' id='word_1_14' title='bbox 291 849 489 940; x_wconf 81' lang='lat' dir='ltr'><strong>proeatuotia</strong></span> <span class='ocrx_word' id='word_1_15' title='bbox 523 845 712 932; x_wconf 74' lang='lat' dir='ltr'>opinionem</span> <span class='ocrx_word' id='word_1_16' title='bbox 743 845 819 910; x_wconf 80' lang='lat' dir='ltr'><strong>aatie</strong></span> <span class='ocrx_word' id='word_1_17' title='bbox 849 844 972 932; x_wconf 87' lang='lat' dir='ltr'><strong>poterit</strong></span> <span class='ocrx_word' id='word_1_18' title='bbox 1001 839 1065 907; x_wconf 77' lang='lat' dir='ltr'><strong>etd-</strong></span> <span class='ocrx_word' id='word_1_19' title='bbox 1099 843 1246 907; x_wconf 86' lang='lat' dir='ltr'><strong>etitutum</strong></span> <span class='ocrx_word' id='word_1_20' title='bbox 1279 840 1416 906; x_wconf 82' lang='lat' dir='ltr'><strong>honoria</strong></span> <span class='ocrx_word' id='word_1_21' title='bbox 1446 862 1543 908; x_wconf 82' lang='lat' dir='ltr'><strong>cauea</strong></span> <span class='ocrx_word' id='word_1_22' title='bbox 1572 843 1665 908; x_wconf 84' lang='lat' dir='ltr'><strong>urbia</strong></span> <span class='ocrx_word' id='word_1_23' title='bbox 1701 847 1870 933; x_wconf 67' lang='lat' dir='ltr'><strong>magistra·</strong></span> 
     </span>
     <span class='ocr_line' id='line_1_4' title="bbox 292 923 1870 1034; baseline -0.003 -17"><span class='ocrx_word' id='word_1_24' title='bbox 292 923 416 1018; x_wconf 84' lang='lat' dir='ltr'><strong>hilire?</strong></span> <span class='ocrx_word' id='word_1_25' title='bbox 445 950 502 1014; x_wconf 90' lang='lat'><em>111.</em></span> <span class='ocrx_word' id='word_1_26' title='bbox 553 951 590 1010; x_wconf 90' lang='lat' dir='ltr'><strong>ln</strong></span> <span class='ocrx_word' id='word_1_27' title='bbox 619 947 744 1025; x_wconf 75' lang='lat' dir='ltr'><strong>nomio,</strong></span> <span class='ocrx_word' id='word_1_28' title='bbox 774 948 831 1034; x_wconf 80' lang='lat' dir='ltr'><strong>qui</strong></span> <span class='ocrx_word' id='word_1_29' title='bbox 859 967 920 1032; x_wconf 86' lang='lat' dir='ltr'><strong>per</strong></span> <span class='ocrx_word' id='word_1_30' title='bbox 949 945 1064 1011; x_wconf 84' lang='lat' dir='ltr'><strong>iueori·</strong></span> <span class='ocrx_word' id='word_1_31' title='bbox 1098 957 1187 1026; x_wconf 82' lang='lat' dir='ltr'><strong>tnm3</strong></span> <span class='ocrx_word' id='word_1_32' title='bbox 1209 967 1282 1010; x_wconf 80' lang='lat' dir='ltr'><strong>uum</strong></span> <span class='ocrx_word' id='word_1_33' title='bbox 1308 955 1433 1008; x_wconf 76' lang='lat' dir='ltr'><strong>cunctat</strong></span> <span class='ocrx_word' id='word_1_34' title='bbox 1445 965 1487 1008; x_wconf 84' lang='lat' dir='ltr'><strong>ex</strong></span> <span class='ocrx_word' id='word_1_35' title='bbox 1506 949 1631 1012; x_wconf 80' lang='lat' dir='ltr'><strong>Seneou</strong></span> <span class='ocrx_word' id='word_1_36' title='bbox 1646 950 1693 1032; x_wconf 80' lang='lat'><strong>¹),</strong></span> <span class='ocrx_word' id='word_1_37' title='bbox 1716 968 1791 1012; x_wconf 85' lang='lat' dir='ltr'><strong>eum</strong></span> <span class='ocrx_word' id='word_1_38' title='bbox 1815 969 1870 1013; x_wconf 87' lang='lat' dir='ltr'><strong>re·</strong></span> 
     </span>
     <span class='ocr_line' id='line_1_5' title="bbox 291 1042 1870 1139; baseline -0.003 -21"><span class='ocrx_word' id='word_1_39' title='bbox 291 1067 385 1139; x_wconf 79' lang='lat' dir='ltr'><strong>ptum</strong></span> <span class='ocrx_word' id='word_1_40' title='bbox 407 1042 731 1116; x_wconf 75' lang='grc' dir='ltr'><strong>ΣΤΡΑΚΟΣΙΩΝ</strong></span> <span class='ocrx_word' id='word_1_41' title='bbox 752 1063 845 1115; x_wconf 87' lang='lat' dir='ltr'><strong>certo</strong></span> <span class='ocrx_word' id='word_1_42' title='bbox 869 1061 944 1112; x_wconf 86' lang='lat' dir='ltr'><strong>aunt</strong></span> <span class='ocrx_word' id='word_1_43' title='bbox 967 1051 1063 1133; x_wconf 81' lang='lat' dir='ltr'><strong>Syra·</strong></span> <span class='ocrx_word' id='word_1_44' title='bbox 1099 1065 1176 1132; x_wconf 80' lang='lat' dir='ltr'><strong>gem</strong></span> <span class='ocrx_word' id='word_1_45' title='bbox 1207 1045 1271 1132; x_wconf 87' lang='lat' dir='ltr'><strong>jum</strong></span> <span class='ocrx_word' id='word_1_46' title='bbox 1299 1044 1447 1110; x_wconf 71' lang='lat' dir='ltr'><strong>orienti·</strong></span> <span class='ocrx_word' id='word_1_47' title='bbox 1470 1048 1628 1113; x_wconf 82' lang='lat' dir='ltr'><strong>rictorem</strong></span> <span class='ocrx_word' id='word_1_48' title='bbox 1649 1071 1668 1113; x_wconf 90' lang='lat' dir='ltr'><strong>a</strong></span> <span class='ocrx_word' id='word_1_49' title='bbox 1691 1049 1870 1114; x_wconf 86' lang='lat' dir='ltr'><strong>Corinthiia</strong></span> 
     </span>
     <span class='ocr_line' id='line_1_6' title="bbox 291 1146 1871 1236; baseline -0.003 -14"><span class='ocrx_word' id='word_1_50' title='bbox 291 1147 461 1230; x_wconf 82' lang='lat' dir='ltr'><strong>cetarum,</strong></span> <span class='ocrx_word' id='word_1_51' title='bbox 484 1151 568 1216; x_wconf 92' lang='lat' dir='ltr'><strong>illud</strong></span> <span class='ocrx_word' id='word_1_52' title='bbox 587 1151 613 1235; x_wconf 74' lang='grc' dir='ltr'><strong>ῼ</strong></span> <span class='ocrx_word' id='word_1_53' title='bbox 635 1163 823 1214; x_wconf 73' lang='lat' dir='ltr'>constanter</span> <span class='ocrx_word' id='word_1_54' title='bbox 843 1149 952 1226; x_wconf 80' lang='lat' dir='ltr'><strong>about,</strong></span> <span class='ocrx_word' id='word_1_55' title='bbox 974 1148 1064 1236; x_wconf 92' lang='lat' dir='ltr'><strong>quod</strong></span> <span class='ocrx_word' id='word_1_56' title='bbox 1100 1148 1208 1214; x_wconf 76' lang='lat' dir='ltr'><strong>micuit</strong></span> <span class='ocrx_word' id='word_1_57' title='bbox 1223 1147 1341 1234; x_wconf 75' lang='lat' dir='ltr'><strong>legatie</strong></span> <span class='ocrx_word' id='word_1_58' title='bbox 1356 1147 1486 1212; x_wconf 73' lang='lat' dir='ltr'><strong>civitate</strong></span> <span class='ocrx_word' id='word_1_59' title='bbox 1500 1146 1667 1217; x_wconf 87' lang='lat' dir='ltr'><strong>donatum.</strong></span> <span class='ocrx_word' id='word_1_60' title='bbox 1690 1152 1781 1216; x_wconf 77' lang='lat' dir='ltr'><strong>Haec</strong></span> <span class='ocrx_word' id='word_1_61' title='bbox 1793 1155 1871 1217; x_wconf 86' lang='lat' dir='ltr'><strong>Pel·</strong></span> 
     </span>
     <span class='ocr_line' id='line_1_7' title="bbox 188 1249 1868 1336; baseline -0.005 -10"><span class='ocrx_word' id='word_1_62' title='bbox 188 1293 191 1298; x_wconf 92' lang='lat'>·</span> <span class='ocrx_word' id='word_1_63' title='bbox 291 1279 407 1326; x_wconf 80' lang='lat' dir='ltr'><strong>verum</strong></span> <span class='ocrx_word' id='word_1_64' title='bbox 436 1275 509 1318; x_wconf 87' lang='lat' dir='ltr'><strong>eeac</strong></span> <span class='ocrx_word' id='word_1_65' title='bbox 542 1252 666 1336; x_wconf 83' lang='lat' dir='ltr'><strong>patebit</strong></span> <span class='ocrx_word' id='word_1_66' title='bbox 701 1251 842 1316; x_wconf 82' lang='lat' dir='ltr'><strong>intuenti</strong></span> <span class='ocrx_word' id='word_1_67' title='bbox 865 1271 979 1315; x_wconf 74' lang='lat' dir='ltr'><strong>omnen</strong></span> <span class='ocrx_word' id='word_1_68' title='bbox 1003 1251 1063 1315; x_wconf 90' lang='lat' dir='ltr'><strong>hu·</strong></span> <span class='ocrx_word' id='word_1_69' title='bbox 1099 1249 1311 1332; x_wconf 52' lang='lat' dir='ltr'><strong>leriniuepnt</strong></span> <span class='ocrx_word' id='word_1_70' title='bbox 1336 1249 1365 1312; x_wconf 83' lang='lat' dir='ltr'><strong>ei</strong></span> <span class='ocrx_word' id='word_1_71' title='bbox 1376 1249 1476 1312; x_wconf 82' lang='lat' dir='ltr'><strong>‘numi</strong></span> <span class='ocrx_word' id='word_1_72' title='bbox 1499 1250 1534 1312; x_wconf 88' lang='lat' dir='ltr'><strong>hi</strong></span> <span class='ocrx_word' id='word_1_73' title='bbox 1549 1259 1629 1316; x_wconf 82' lang='lat' dir='ltr'><strong>rer&#39;e</strong></span> <span class='ocrx_word' id='word_1_74' title='bbox 1653 1267 1728 1316; x_wconf 83' lang='lat' dir='ltr'><strong>eunt</strong></span> <span class='ocrx_word' id='word_1_75' title='bbox 1753 1253 1868 1318; x_wconf 86' lang='lat' dir='ltr'><strong>Corin-</strong></span> 
     </span>
     <span class='ocr_line' id='line_1_8' title="bbox 289 1348 1871 1444; baseline -0.003 -20"><span class='ocrx_word' id='word_1_76' title='bbox 289 1358 505 1444; x_wconf 77' lang='lat' dir='ltr'><strong>jue‘geueria</strong></span> <span class='ocrx_word' id='word_1_77' title='bbox 527 1355 684 1418; x_wconf 84' lang='lat' dir='ltr'><strong>hacteuue</strong></span> <span class='ocrx_word' id='word_1_78' title='bbox 706 1351 825 1419; x_wconf 84' lang='lat' dir='ltr'><strong>editoe.</strong></span> <span class='ocrx_word' id='word_1_79' title='bbox 866 1348 987 1418; x_wconf 74' lang='lat' dir='ltr'><strong>Mirum</strong></span> <span class='ocrx_word' id='word_1_80' title='bbox 1004 1377 1064 1418; x_wconf 86' lang='lat' dir='ltr'><strong>eu·</strong></span> <span class='ocrx_word' id='word_1_81' title='bbox 1099 1351 1178 1428; x_wconf 73' lang='lat' dir='ltr'><strong>thil.</strong></span> <span class='ocrx_word' id='word_1_82' title='bbox 1211 1363 1280 1416; x_wconf 87' lang='lat' dir='ltr'><strong>tum</strong></span> <span class='ocrx_word' id='word_1_83' title='bbox 1306 1351 1415 1436; x_wconf 78' lang='lat' dir='ltr'><strong>potine</strong></span> <span class='ocrx_word' id='word_1_84' title='bbox 1444 1350 1635 1432; x_wconf 78' lang='lat' dir='ltr'>crederem,</span> <span class='ocrx_word' id='word_1_85' title='bbox 1666 1373 1708 1418; x_wconf 87' lang='lat' dir='ltr'><strong>eo</strong></span> <span class='ocrx_word' id='word_1_86' title='bbox 1731 1357 1871 1420; x_wconf 83' lang='lat' dir='ltr'><strong>voeabu-</strong></span> 
     </span>
     <span class='ocr_line' id='line_1_9' title="bbox 291 1451 1869 1546; baseline -0.003 -21"><span class='ocrx_word' id='word_1_87' title='bbox 291 1473 360 1546; x_wconf 82' lang='lat' dir='ltr'><strong>tem</strong></span> <span class='ocrx_word' id='word_1_88' title='bbox 387 1459 573 1536; x_wconf 84' lang='lat' dir='ltr'><strong>rideretur,</strong></span> <span class='ocrx_word' id='word_1_89' title='bbox 603 1455 805 1522; x_wconf 70' lang='lat' dir='ltr'><strong>monetarioe</strong></span> <span class='ocrx_word' id='word_1_90' title='bbox 839 1458 1062 1539; x_wconf 73' lang='lat' dir='ltr'><strong>Syracusanos</strong></span> <span class='ocrx_word' id='word_1_91' title='bbox 1097 1453 1133 1518; x_wconf 90' lang='lat' dir='ltr'><strong>lo</strong></span> <span class='ocrx_word' id='word_1_92' title='bbox 1151 1451 1258 1516; x_wconf 90' lang='lat' dir='ltr'><strong>nutari</strong></span> <span class='ocrx_word' id='word_1_93' title='bbox 1276 1452 1498 1516; x_wconf 72' lang='lat' dir='ltr'><strong>Alexandrum</strong></span> <span class='ocrx_word' id='word_1_94' title='bbox 1515 1453 1869 1537; x_wconf 56' lang='lat' dir='ltr'><strong>Polyperchontem,</strong></span> 
     </span>
     <span class='ocr_line' id='line_1_10' title="bbox 291 1547 1870 1641; baseline -0.001 -16"><span class='ocrx_word' id='word_1_95' title='bbox 291 1581 358 1627; x_wconf 89' lang='lat' dir='ltr'><strong>nou</strong></span> <span class='ocrx_word' id='word_1_96' title='bbox 381 1562 478 1626; x_wconf 86' lang='lat' dir='ltr'><strong>etiam</strong></span> <span class='ocrx_word' id='word_1_97' title='bbox 502 1547 545 1624; x_wconf 79' lang='lat' dir='ltr'><strong>iu¹</strong></span> <span class='ocrx_word' id='word_1_98' title='bbox 560 1558 632 1636; x_wconf 82' lang='lat' dir='ltr'><strong>hie,</strong></span> <span class='ocrx_word' id='word_1_99' title='bbox 654 1572 710 1623; x_wconf 78' lang='lat' dir='ltr'><strong>eut</strong></span> <span class='ocrx_word' id='word_1_100' title='bbox 737 1555 854 1622; x_wconf 71' lang='lat' dir='ltr'><strong>saltem</strong></span> <span class='ocrx_word' id='word_1_101' title='bbox 868 1555 987 1622; x_wconf 89' lang='lat' dir='ltr'><strong>horum</strong></span> <span class='ocrx_word' id='word_1_102' title='bbox 1006 1556 1063 1618; x_wconf 83' lang='lat' dir='ltr'><strong>uli·</strong></span> <span class='ocrx_word' id='word_1_103' title='bbox 1098 1554 1154 1641; x_wconf 88' lang='lat' dir='ltr'><strong>qui</strong></span> <span class='ocrx_word' id='word_1_104' title='bbox 1175 1551 1374 1638; x_wconf 72' lang='lat' dir='ltr'><strong>aliquamdiu</strong></span> <span class='ocrx_word' id='word_1_105' title='bbox 1397 1552 1591 1618; x_wconf 83' lang='lat' dir='ltr'><strong>Corinthum</strong></span> <span class='ocrx_word' id='word_1_106' title='bbox 1623 1555 1788 1641; x_wconf 74' lang='lat' dir='ltr'><strong>praecidio</strong></span> <span class='ocrx_word' id='word_1_107' title='bbox 1814 1577 1870 1624; x_wconf 82' lang='lat' dir='ltr'><strong>oo·</strong></span> 
     </span>
     <span class='ocr_line' id='line_1_11' title="bbox 291 1653 1869 1752; baseline -0.003 -26"><span class='ocrx_word' id='word_1_108' title='bbox 291 1662 409 1752; x_wconf 89' lang='lat' dir='ltr'><strong>quibua</strong></span> <span class='ocrx_word' id='word_1_109' title='bbox 433 1661 619 1726; x_wconf 78' lang='lat' dir='ltr'><strong>udetituieee</strong></span> <span class='ocrx_word' id='word_1_110' title='bbox 636 1657 721 1729; x_wconf 88' lang='lat' dir='ltr'><strong>illud</strong></span> <span class='ocrx_word' id='word_1_111' title='bbox 739 1657 952 1736; x_wconf 82' lang='lat' dir='ltr'><strong>elementum,</strong></span> <span class='ocrx_word' id='word_1_112' title='bbox 973 1657 1061 1743; x_wconf 87' lang='lat' dir='ltr'><strong>quod</strong></span> <span class='ocrx_word' id='word_1_113' title='bbox 1097 1667 1249 1742; x_wconf 83' lang='lat' dir='ltr'><strong>cupatum</strong></span> <span class='ocrx_word' id='word_1_114' title='bbox 1274 1653 1399 1732; x_wconf 80' lang='lat' dir='ltr'><strong>tenuit,</strong></span> <span class='ocrx_word' id='word_1_115' title='bbox 1414 1667 1463 1720; x_wconf 82' lang='lat' dir='ltr'><strong>,ut</strong></span> <span class='ocrx_word' id='word_1_116' title='bbox 1485 1655 1616 1740; x_wconf 84' lang='lat' dir='ltr'><strong>aoripeit</strong></span> <span class='ocrx_word' id='word_1_117' title='bbox 1634 1657 1802 1722; x_wconf 71' lang='lat' dir='ltr'><strong>Diodorus</strong></span> <span class='ocrx_word' id='word_1_118' title='bbox 1822 1656 1869 1744; x_wconf 82' lang='lat' dir='ltr'><strong>b),</strong></span> 
     </span>
     <span class='ocr_line' id='line_1_12' title="bbox 267 1751 1870 1849; baseline -0.003 -17"><span class='ocrx_word' id='word_1_119' title='bbox 267 1782 357 1832; x_wconf 78' lang='lat' dir='ltr'><strong>·tam</strong></span> <span class='ocrx_word' id='word_1_120' title='bbox 384 1766 578 1849; x_wconf 81' lang='lat' dir='ltr'><strong>frequenter</strong></span> <span class='ocrx_word' id='word_1_121' title='bbox 607 1761 722 1825; x_wconf 82' lang='lat' dir='ltr'><strong>iecere</strong></span> <span class='ocrx_word' id='word_1_122' title='bbox 752 1759 785 1820; x_wconf 88' lang='lat' dir='ltr'><strong>in</strong></span> <span class='ocrx_word' id='word_1_123' title='bbox 809 1758 901 1835; x_wconf 84' lang='lat' dir='ltr'><strong>aliie,</strong></span> <span class='ocrx_word' id='word_1_124' title='bbox 935 1759 968 1820; x_wconf 91' lang='lat' dir='ltr'><strong>in</strong></span> <span class='ocrx_word' id='word_1_125' title='bbox 991 1759 1062 1844; x_wconf 86' lang='lat' dir='ltr'><strong>qui·</strong></span> <span class='ocrx_word' id='word_1_126' title='bbox 1097 1777 1162 1841; x_wconf 89' lang='lat' dir='ltr'><strong>quo</strong></span> <span class='ocrx_word' id='word_1_127' title='bbox 1185 1751 1283 1820; x_wconf 91' lang='lat' dir='ltr'><strong>modo</strong></span> <span class='ocrx_word' id='word_1_128' title='bbox 1308 1770 1343 1842; x_wconf 81' lang='lat' dir='ltr'><strong>et</strong></span> <span class='ocrx_word' id='word_1_129' title='bbox 1375 1777 1474 1840; x_wconf 77' lang='lat' dir='ltr'><strong>rupta</strong></span> <span class='ocrx_word' id='word_1_130' title='bbox 1495 1757 1529 1820; x_wconf 90' lang='lat' dir='ltr'><strong>iu</strong></span> <span class='ocrx_word' id='word_1_131' title='bbox 1561 1756 1658 1843; x_wconf 82' lang='lat' dir='ltr'><strong>hegil</strong></span> <span class='ocrx_word' id='word_1_132' title='bbox 1684 1759 1790 1822; x_wconf 84' lang='lat' dir='ltr'><strong>numia</strong></span> <span class='ocrx_word' id='word_1_133' title='bbox 1813 1780 1870 1826; x_wconf 85' lang='lat' dir='ltr'><strong>re·</strong></span> 
     </span>
     <span class='ocr_line' id='line_1_13' title="bbox 290 1856 1928 1946; baseline -0.004 -14"><span class='ocrx_word' id='word_1_134' title='bbox 290 1869 354 1932; x_wconf 85' lang='lat' dir='ltr'><strong>hue</strong></span> <span class='ocrx_word' id='word_1_135' title='bbox 375 1866 468 1930; x_wconf 73' lang='lat' dir='ltr'><strong>urbi·</strong></span> <span class='ocrx_word' id='word_1_136' title='bbox 491 1861 662 1944; x_wconf 71' lang='lat' dir='ltr'><strong>inscriptio</strong></span> <span class='ocrx_word' id='word_1_137' title='bbox 689 1860 790 1926; x_wconf 77' lang='lat' dir='ltr'><strong>abent.</strong></span> <span class='ocrx_word' id='word_1_138' title='bbox 812 1865 895 1924; x_wconf 85' lang='lat' dir='ltr'><strong>Nam</strong></span> <span class='ocrx_word' id='word_1_139' title='bbox 918 1861 946 1923; x_wconf 83' lang='lat' dir='ltr'><strong>ei</strong></span> <span class='ocrx_word' id='word_1_140' title='bbox 961 1877 1003 1925; x_wconf 78' lang='lat' dir='ltr'><strong>ea&#39;</strong></span> <span class='ocrx_word' id='word_1_141' title='bbox 1019 1861 1062 1922; x_wconf 87' lang='lat' dir='ltr'><strong>li.</strong></span> <span class='ocrx_word' id='word_1_142' title='bbox 1098 1858 1238 1922; x_wconf 74' lang='lat' dir='ltr'><strong>ricimile</strong></span> <span class='ocrx_word' id='word_1_143' title='bbox 1269 1856 1431 1933; x_wconf 75' lang='lat' dir='ltr'><strong>diximus,</strong></span> <span class='ocrx_word' id='word_1_144' title='bbox 1462 1857 1497 1919; x_wconf 92' lang='lat' dir='ltr'><strong>iu</strong></span> <span class='ocrx_word' id='word_1_145' title='bbox 1526 1857 1579 1921; x_wconf 89' lang='lat' dir='ltr'><strong>hie</strong></span> <span class='ocrx_word' id='word_1_146' title='bbox 1608 1860 1771 1946; x_wconf 82' lang='lat' dir='ltr'><strong>eiguetum</strong></span> <span class='ocrx_word' id='word_1_147' title='bbox 1795 1862 1871 1926; x_wconf 81' lang='lat' dir='ltr'><strong>Ari·</strong></span> <span class='ocrx_word' id='word_1_148' title='bbox 1922 1867 1928 1875; x_wconf 91' lang='lat'>&#39;</span> 
     </span>
     <span class='ocr_line' id='line_1_14' title="bbox 289 1955 1869 2040; baseline -0.006 -6"><span class='ocrx_word' id='word_1_149' title='bbox 289 1984 362 2035; x_wconf 82' lang='lat' dir='ltr'><strong>tere</strong></span> <span class='ocrx_word' id='word_1_150' title='bbox 390 1965 554 2033; x_wconf 72' lang='lat' dir='ltr'><strong>consensio</strong></span> <span class='ocrx_word' id='word_1_151' title='bbox 579 1975 630 2026; x_wconf 85' lang='lat' dir='ltr'><strong>eat</strong></span> <span class='ocrx_word' id='word_1_152' title='bbox 651 1962 801 2026; x_wconf 86' lang='lat' dir='ltr'><strong>coloniae</strong></span> <span class='ocrx_word' id='word_1_153' title='bbox 821 1955 981 2026; x_wconf 87' lang='lat' dir='ltr'><strong>Corintho</strong></span> <span class='ocrx_word' id='word_1_154' title='bbox 1004 1959 1064 2024; x_wconf 87' lang='lat' dir='ltr'><strong>do·</strong></span> <span class='ocrx_word' id='word_1_155' title='bbox 1098 1961 1299 2036; x_wconf 65' lang='lat' dir='ltr'><strong>acdeorum,</strong></span> <span class='ocrx_word' id='word_1_156' title='bbox 1322 1972 1377 2023; x_wconf 90' lang='lat' dir='ltr'><strong>aut</strong></span> <span class='ocrx_word' id='word_1_157' title='bbox 1397 1959 1505 2024; x_wconf 85' lang='lat' dir='ltr'><strong>notari</strong></span> <span class='ocrx_word' id='word_1_158' title='bbox 1518 1959 1740 2026; x_wconf 79' lang='lat' dir='ltr'><strong>Alexandrum</strong></span> <span class='ocrx_word' id='word_1_159' title='bbox 1757 1961 1869 2040; x_wconf 80' lang='lat' dir='ltr'><strong>alium,</strong></span> 
     </span>
     <span class='ocr_line' id='line_1_15' title="bbox 290 2057 1870 2147; baseline -0.007 -9"><span class='ocrx_word' id='word_1_160' title='bbox 290 2085 383 2147; x_wconf 83' lang='lat' dir='ltr'><strong>ctae,</strong></span> <span class='ocrx_word' id='word_1_161' title='bbox 408 2089 469 2134; x_wconf 90' lang='lat' dir='ltr'><strong>our</strong></span> <span class='ocrx_word' id='word_1_162' title='bbox 490 2066 547 2128; x_wconf 90' lang='lat' dir='ltr'><strong>illa</strong></span> <span class='ocrx_word' id='word_1_163' title='bbox 567 2063 799 2127; x_wconf 81' lang='lat' dir='ltr'><strong>diaaimuleuda</strong></span> <span class='ocrx_word' id='word_1_164' title='bbox 821 2057 982 2128; x_wconf 78' lang='lat' dir='ltr'><strong>lucratio</strong></span> <span class='ocrx_word' id='word_1_165' title='bbox 1004 2085 1063 2126; x_wconf 88' lang='lat' dir='ltr'><strong>uu·</strong></span> <span class='ocrx_word' id='word_1_166' title='bbox 1098 2062 1153 2146; x_wconf 90' lang='lat' dir='ltr'><strong>qui</strong></span> <span class='ocrx_word' id='word_1_167' title='bbox 1169 2059 1319 2126; x_wconf 77' lang='lat' dir='ltr'><strong>Corinthi</strong></span> <span class='ocrx_word' id='word_1_168' title='bbox 1338 2059 1417 2122; x_wconf 89' lang='lat' dir='ltr'><strong>item</strong></span> <span class='ocrx_word' id='word_1_169' title='bbox 1438 2077 1547 2124; x_wconf 81' lang='lat' dir='ltr'><strong>urcem</strong></span> <span class='ocrx_word' id='word_1_170' title='bbox 1567 2062 1612 2128; x_wconf 82' lang='lat' dir='ltr'><strong>io.</strong></span> <span class='ocrx_word' id='word_1_171' title='bbox 1628 2076 1789 2147; x_wconf 74' lang='lat' dir='ltr'><strong>potestate</strong></span> <span class='ocrx_word' id='word_1_172' title='bbox 1808 2061 1870 2128; x_wconf 82' lang='lat' dir='ltr'><strong>he·</strong></span> 
     </span>
     <span class='ocr_line' id='line_1_16' title="bbox 289 2156 1870 2255; baseline -0.006 -18"><span class='ocrx_word' id='word_1_173' title='bbox 289 2173 352 2237; x_wconf 83' lang='lat' dir='ltr'><strong>mie</strong></span> <span class='ocrx_word' id='word_1_174' title='bbox 376 2171 447 2255; x_wconf 83' lang='lat' dir='ltr'><strong>ejue</strong></span> <span class='ocrx_word' id='word_1_175' title='bbox 469 2167 560 2232; x_wconf 89' lang='lat' dir='ltr'><strong>urbia</strong></span> <span class='ocrx_word' id='word_1_176' title='bbox 584 2166 701 2242; x_wconf 84' lang='lat' dir='ltr'><strong>certia,</strong></span> <span class='ocrx_word' id='word_1_177' title='bbox 732 2165 899 2250; x_wconf 75' lang='lat' dir='ltr'><strong>inscriptio</strong></span> <span class='ocrx_word' id='word_1_178' title='bbox 922 2156 1064 2230; x_wconf 80' lang='grc' dir='ltr'><strong>ΣΤΡΑ-</strong></span> <span class='ocrx_word' id='word_1_179' title='bbox 1097 2161 1186 2241; x_wconf 87' lang='lat' dir='ltr'><strong>huit,</strong></span> <span class='ocrx_word' id='word_1_180' title='bbox 1220 2181 1348 2227; x_wconf 82' lang='lat' dir='ltr'><strong>veneno</strong></span> <span class='ocrx_word' id='word_1_181' title='bbox 1371 2161 1534 2228; x_wconf 74' lang='lat' dir='ltr'><strong>subletum</strong></span> <span class='ocrx_word' id='word_1_182' title='bbox 1553 2163 1594 2228; x_wconf 84' lang='lat' dir='ltr'><strong>uh</strong></span> <span class='ocrx_word' id='word_1_183' title='bbox 1613 2163 1779 2248; x_wconf 80' lang='lat' dir='ltr'><strong>Antigono</strong></span> <span class='ocrx_word' id='word_1_184' title='bbox 1803 2164 1870 2229; x_wconf 85' lang='lat' dir='ltr'><strong>Go-</strong></span> 
     </span>
     <span class='ocr_line' id='line_1_17' title="bbox 290 2263 1870 2360; baseline -0.003 -26"><span class='ocrx_word' id='word_1_185' title='bbox 290 2267 506 2338; x_wconf 71' lang='lat' dir='ltr'><strong>KoztttN?</strong></span> <span class='ocrx_word' id='word_1_186' title='bbox 535 2265 736 2331; x_wconf 74' lang='lat' dir='ltr'><strong>Moueodum</strong></span> <span class='ocrx_word' id='word_1_187' title='bbox 757 2264 899 2346; x_wconf 86' lang='lat' dir='ltr'><strong>iterum,</strong></span> <span class='ocrx_word' id='word_1_188' title='bbox 928 2285 981 2330; x_wconf 88' lang='lat' dir='ltr'><strong>me</strong></span> <span class='ocrx_word' id='word_1_189' title='bbox 1006 2263 1061 2330; x_wconf 87' lang='lat' dir='ltr'><strong>hic</strong></span> <span class='ocrx_word' id='word_1_190' title='bbox 1097 2277 1172 2328; x_wconf 80' lang='lat' dir='ltr'><strong>outa</strong></span> <span class='ocrx_word' id='word_1_191' title='bbox 1192 2267 1231 2345; x_wconf 72' lang='grc' dir='ltr'><strong>ο).</strong></span> <span class='ocrx_word' id='word_1_192' title='bbox 1276 2264 1387 2360; x_wconf 84' lang='lat' dir='ltr'><strong>Quare</strong></span> <span class='ocrx_word' id='word_1_193' title='bbox 1409 2285 1484 2330; x_wconf 90' lang='lat' dir='ltr'><strong>cum</strong></span> <span class='ocrx_word' id='word_1_194' title='bbox 1512 2285 1555 2328; x_wconf 81' lang='lat' dir='ltr'><strong>ex</strong></span> <span class='ocrx_word' id='word_1_195' title='bbox 1578 2265 1644 2329; x_wconf 88' lang='lat' dir='ltr'><strong>hoc</strong></span> <span class='ocrx_word' id='word_1_196' title='bbox 1673 2267 1751 2330; x_wconf 72' lang='lat' dir='ltr'><strong>artie</strong></span> <span class='ocrx_word' id='word_1_197' title='bbox 1772 2287 1870 2352; x_wconf 88' lang='lat' dir='ltr'><strong>appa·</strong></span> 
     </span>
     <span class='ocr_line' id='line_1_18' title="bbox 240 2364 1870 2457; baseline -0.001 -23"><span class='ocrx_word' id='word_1_198' title='bbox 240 2369 243 2376; x_wconf 75' lang='grc'><em>’</em></span> <span class='ocrx_word' id='word_1_199' title='bbox 289 2372 480 2457; x_wconf 80' lang='lat' dir='ltr'><strong>intelligere</strong></span> <span class='ocrx_word' id='word_1_200' title='bbox 518 2381 645 2454; x_wconf 80' lang='lat' dir='ltr'><strong>tuntum</strong></span> <span class='ocrx_word' id='word_1_201' title='bbox 687 2389 804 2432; x_wconf 81' lang='lat' dir='ltr'><strong>numne</strong></span> <span class='ocrx_word' id='word_1_202' title='bbox 840 2387 916 2432; x_wconf 90' lang='lat' dir='ltr'><strong>cum</strong></span> <span class='ocrx_word' id='word_1_203' title='bbox 953 2367 1061 2452; x_wconf 82' lang='lat' dir='ltr'><strong>capite</strong></span> <span class='ocrx_word' id='word_1_204' title='bbox 1098 2371 1188 2444; x_wconf 81' lang='lat' dir='ltr'><strong>reat,</strong></span> <span class='ocrx_word' id='word_1_205' title='bbox 1218 2385 1336 2428; x_wconf 81' lang='lat' dir='ltr'><strong>oumoe</strong></span> <span class='ocrx_word' id='word_1_206' title='bbox 1362 2364 1424 2432; x_wconf 83' lang='lat' dir='ltr'><strong>hoe</strong></span> <span class='ocrx_word' id='word_1_207' title='bbox 1453 2386 1527 2451; x_wconf 75' lang='lat' dir='ltr'><strong>ecee</strong></span> <span class='ocrx_word' id='word_1_208' title='bbox 1554 2366 1762 2448; x_wconf 74' lang='lat' dir='ltr'><strong>Corinthios,</strong></span> <span class='ocrx_word' id='word_1_209' title='bbox 1784 2368 1870 2435; x_wconf 78' lang='lat' dir='ltr'><strong>&#39;reri-</strong></span> 
     </span>
     <span class='ocr_line' id='line_1_19' title="bbox 290 2461 1868 2556; baseline -0.003 -17"><span class='ocrx_word' id='word_1_210' title='bbox 290 2474 435 2541; x_wconf 79' lang='lat' dir='ltr'><strong>Pulladia</strong></span> <span class='ocrx_word' id='word_1_211' title='bbox 473 2485 508 2536; x_wconf 86' lang='lat' dir='ltr'><strong>et</strong></span> <span class='ocrx_word' id='word_1_212' title='bbox 535 2475 684 2556; x_wconf 77' lang='lat' dir='ltr'><strong>Fugato,</strong></span> <span class='ocrx_word' id='word_1_213' title='bbox 718 2489 793 2534; x_wconf 79' lang='lat' dir='ltr'><strong>num</strong></span> <span class='ocrx_word' id='word_1_214' title='bbox 824 2467 919 2544; x_wconf 83' lang='lat' dir='ltr'><strong>novi,</strong></span> <span class='ocrx_word' id='word_1_215' title='bbox 955 2468 1063 2532; x_wconf 80' lang='lat' dir='ltr'><strong>editoe</strong></span> <span class='ocrx_word' id='word_1_216' title='bbox 1099 2461 1207 2530; x_wconf 83' lang='lat' dir='ltr'><strong>aiulile</strong></span> <span class='ocrx_word' id='word_1_217' title='bbox 1243 2461 1357 2543; x_wconf 86' lang='lat' dir='ltr'><strong>etiam,</strong></span> <span class='ocrx_word' id='word_1_218' title='bbox 1386 2487 1503 2530; x_wconf 81' lang='lat' dir='ltr'><strong>uumoa</strong></span> <span class='ocrx_word' id='word_1_219' title='bbox 1530 2468 1612 2532; x_wconf 88' lang='lat' dir='ltr'><strong>alica</strong></span> <span class='ocrx_word' id='word_1_220' title='bbox 1638 2467 1787 2555; x_wconf 74' lang='lat' dir='ltr'><strong>ejusdem</strong></span> <span class='ocrx_word' id='word_1_221' title='bbox 1816 2493 1868 2535; x_wconf 77' lang='lat' dir='ltr'><strong>er-</strong></span> 
     </span>
     <span class='ocr_line' id='line_1_20' title="bbox 291 2566 1865 2656; baseline -0.003 -15"><span class='ocrx_word' id='word_1_222' title='bbox 291 2576 467 2641; x_wconf 87' lang='lat' dir='ltr'><strong>uoouulloa</strong></span> <span class='ocrx_word' id='word_1_223' title='bbox 493 2595 511 2636; x_wconf 86' lang='lat' dir='ltr'><strong>u</strong></span> <span class='ocrx_word' id='word_1_224' title='bbox 535 2571 685 2656; x_wconf 73' lang='lat' dir='ltr'><strong>principe</strong></span> <span class='ocrx_word' id='word_1_225' title='bbox 714 2569 830 2635; x_wconf 79' lang='lat' dir='ltr'><strong>Turris</strong></span> <span class='ocrx_word' id='word_1_226' title='bbox 856 2568 1005 2645; x_wconf 76' lang='lat' dir='ltr'><strong>liuciae,</strong></span> <span class='ocrx_word' id='word_1_227' title='bbox 1029 2569 1063 2632; x_wconf 88' lang='lat' dir='ltr'><strong>iu</strong></span> <span class='ocrx_word' id='word_1_228' title='bbox 1099 2566 1246 2650; x_wconf 78' lang='lat' dir='ltr'><strong>gumenti</strong></span> <span class='ocrx_word' id='word_1_229' title='bbox 1269 2579 1303 2633; x_wconf 90' lang='lat' dir='ltr'><strong>et</strong></span> <span class='ocrx_word' id='word_1_230' title='bbox 1324 2568 1443 2634; x_wconf 87' lang='lat' dir='ltr'><strong>eodem</strong></span> <span class='ocrx_word' id='word_1_231' title='bbox 1465 2567 1492 2647; x_wconf 78' lang='grc'>9</span> <span class='ocrx_word' id='word_1_232' title='bbox 1513 2568 1659 2656; x_wconf 80' lang='lat' dir='ltr'><strong>iuaignea</strong></span> <span class='ocrx_word' id='word_1_233' title='bbox 1671 2570 1865 2638; x_wconf 86' lang='lat' dir='ltr'><strong>Corinthum</strong></span> 
     </span>
     <span class='ocr_line' id='line_1_21' title="bbox 290 2663 1278 2765; baseline -0.008 -24"><span class='ocrx_word' id='word_1_234' title='bbox 290 2677 409 2765; x_wconf 81' lang='lat' dir='ltr'><strong>quibua</strong></span> <span class='ocrx_word' id='word_1_235' title='bbox 425 2676 503 2740; x_wconf 88' lang='lat' dir='ltr'><strong>hino</strong></span> <span class='ocrx_word' id='word_1_236' title='bbox 517 2663 856 2748; x_wconf 75' lang='grc' dir='ltr'><strong>ΣΤΡᾸΚΟΣΙΩΝ,</strong></span> <span class='ocrx_word' id='word_1_237' title='bbox 879 2671 956 2733; x_wconf 89' lang='lat' dir='ltr'><strong>inde</strong></span> <span class='ocrx_word' id='word_1_238' title='bbox 979 2673 1005 2757; x_wconf 75' lang='grc' dir='ltr'><strong>ῼ</strong></span> <span class='ocrx_word' id='word_1_239' title='bbox 1029 2687 1064 2736; x_wconf 86' lang='lat' dir='ltr'><strong>et</strong></span> <span class='ocrx_word' id='word_1_240' title='bbox 1099 2669 1278 2755; x_wconf 78' lang='lat' dir='ltr'><strong>portinere.</strong></span> 
     </span>
     <span class='ocr_line' id='line_1_22' title="bbox 290 2772 1637 2894; baseline -0.008 -49"><span class='ocrx_word' id='word_1_241' title='bbox 290 2784 455 2866; x_wconf 70' lang='lat' dir='ltr'><strong>Pegasus,</strong></span> <span class='ocrx_word' id='word_1_242' title='bbox 494 2798 610 2841; x_wconf 84' lang='lat' dir='ltr'><strong>rerum</strong></span> <span class='ocrx_word' id='word_1_243' title='bbox 645 2775 678 2837; x_wconf 92' lang='lat' dir='ltr'><strong>iu</strong></span> <span class='ocrx_word' id='word_1_244' title='bbox 710 2772 829 2838; x_wconf 89' lang='lat' dir='ltr'><strong>hurum</strong></span> <span class='ocrx_word' id='word_1_245' title='bbox 862 2773 965 2838; x_wconf 87' lang='lat' dir='ltr'><strong>antica</strong></span> <span class='ocrx_word' id='word_1_246' title='bbox 995 2793 1063 2836; x_wconf 88' lang='lat' dir='ltr'><strong>nou</strong></span> <span class='ocrx_word' id='word_1_247' title='bbox 1329 2829 1356 2890; x_wconf 64' lang='grc'><strong><em>0</em></strong></span> <span class='ocrx_word' id='word_1_248' title='bbox 1373 2834 1407 2893; x_wconf 63' lang='lat' dir='ltr'><em>A</em></span> <span class='ocrx_word' id='word_1_249' title='bbox 1426 2831 1455 2894; x_wconf 70' lang='lat' dir='ltr'><em>P</em></span> <span class='ocrx_word' id='word_1_250' title='bbox 1476 2831 1507 2892; x_wconf 64' lang='lat' dir='ltr'><em>V</em></span> <span class='ocrx_word' id='word_1_251' title='bbox 1528 2831 1558 2893; x_wconf 61' lang='lat' dir='ltr'><em>P</em></span> <span class='ocrx_word' id='word_1_252' title='bbox 1595 2831 1637 2893; x_wconf 74' lang='grc' dir='ltr'><em>Η</em></span> 
     </span>
     <span class='ocr_line' id='line_1_23' title="bbox 292 2871 1640 2965; baseline -0.01 -18"><span class='ocrx_word' id='word_1_253' title='bbox 292 2899 344 2950; x_wconf 84' lang='lat' dir='ltr'><strong>eat</strong></span> <span class='ocrx_word' id='word_1_254' title='bbox 376 2893 473 2965; x_wconf 79' lang='lat' dir='ltr'><strong>ceput</strong></span> <span class='ocrx_word' id='word_1_255' title='bbox 502 2877 665 2954; x_wconf 79' lang='lat' dir='ltr'><strong>Palladia,</strong></span> <span class='ocrx_word' id='word_1_256' title='bbox 701 2875 761 2940; x_wconf 84' lang='lat' dir='ltr'><strong>eed</strong></span> <span class='ocrx_word' id='word_1_257' title='bbox 782 2871 975 2940; x_wconf 73' lang='lat' dir='ltr'><strong>Arethusae.</strong></span> <span class='ocrx_word' id='word_1_258' title='bbox 1004 2873 1063 2944; x_wconf 61' lang='grc' dir='ltr'><strong>Ν,</strong></span> <span class='ocrx_word' id='word_1_259' title='bbox 1632 2872 1640 2890; x_wconf 87' lang='grc'><em>“</em></span> 
     </span>
    </p>

    <p class='ocr_par' dir='ltr' id='par_1_3' title="bbox 279 2965 1871 3676">
     <span class='ocr_line' id='line_1_24' title="bbox 290 2965 1828 3070; baseline -0.007 -21"><span class='ocrx_word' id='word_1_260' title='bbox 290 2987 407 3070; x_wconf 85' lang='lat' dir='ltr'><strong>Neque</strong></span> <span class='ocrx_word' id='word_1_261' title='bbox 437 2983 544 3044; x_wconf 82' lang='lat' dir='ltr'><strong>minue</strong></span> <span class='ocrx_word' id='word_1_262' title='bbox 573 2980 607 3038; x_wconf 89' lang='lat' dir='ltr'><strong>in</strong></span> <span class='ocrx_word' id='word_1_263' title='bbox 635 2976 787 3042; x_wconf 71' lang='lat' dir='ltr'><strong>omnibus</strong></span> <span class='ocrx_word' id='word_1_264' title='bbox 817 2974 853 3038; x_wconf 90' lang='lat' dir='ltr'><strong>id</strong></span> <span class='ocrx_word' id='word_1_265' title='bbox 880 2995 984 3060; x_wconf 74' lang='lat' dir='ltr'><strong>geone</strong></span> <span class='ocrx_word' id='word_1_266' title='bbox 1003 2995 1063 3038; x_wconf 87' lang='lat' dir='ltr'><strong>nu·</strong></span> <span class='ocrx_word' id='word_1_267' title='bbox 1138 2980 1202 3042; x_wconf 66' lang='lat'><strong>4¹⁶0</strong></span> <span class='ocrx_word' id='word_1_268' title='bbox 1214 2970 1436 3040; x_wconf 60' lang='grc' dir='ltr'><em>ΡΜΡΟΜΜ</em></span> <span class='ocrx_word' id='word_1_269' title='bbox 1451 2969 1747 3038; x_wconf 64' lang='lat' dir='ltr'><strong>mmmm·</strong></span> <span class='ocrx_word' id='word_1_270' title='bbox 1769 2965 1828 3048; x_wconf 64' lang='grc' dir='ltr'><strong>Μ’</strong></span> 
     </span>
     <span class='ocr_line' id='line_1_25' title="bbox 292 3059 1786 3169; baseline -0.002 -23"><span class='ocrx_word' id='word_1_271' title='bbox 292 3085 373 3161; x_wconf 87' lang='lat' dir='ltr'><strong>mie,</strong></span> <span class='ocrx_word' id='word_1_272' title='bbox 402 3085 459 3169; x_wconf 89' lang='lat' dir='ltr'><strong>qui</strong></span> <span class='ocrx_word' id='word_1_273' title='bbox 487 3101 550 3165; x_wconf 86' lang='lat' dir='ltr'><strong>per</strong></span> <span class='ocrx_word' id='word_1_274' title='bbox 580 3079 829 3164; x_wconf 86' lang='lat' dir='ltr'><strong>inacriptionem</strong></span> <span class='ocrx_word' id='word_1_275' title='bbox 860 3073 1060 3154; x_wconf 82' lang='grc' dir='ltr'><strong>ΑΡΓΙΩΝ,</strong></span> <span class='ocrx_word' id='word_1_276' title='bbox 1180 3081 1293 3126; x_wconf 64' lang='grc' dir='ltr'><strong>’ΨΜ</strong></span> <span class='ocrx_word' id='word_1_277' title='bbox 1314 3063 1436 3128; x_wconf 54' lang='lat' dir='ltr'><strong>‘imile‘</strong></span> <span class='ocrx_word' id='word_1_278' title='bbox 1458 3065 1610 3128; x_wconf 66' lang='grc' dir='ltr'><em>θῙΜθΜθ</em></span> <span class='ocrx_word' id='word_1_279' title='bbox 1643 3059 1669 3143; x_wconf 71' lang='lat' dir='ltr'><strong>‘i</strong></span> <span class='ocrx_word' id='word_1_280' title='bbox 1694 3073 1786 3127; x_wconf 60' lang='grc' dir='ltr'><strong>Μ·</strong></span> 
     </span>
     <span class='ocr_line' id='line_1_26' title="bbox 293 3167 1850 3256; baseline -0.001 -11"><span class='ocrx_word' id='word_1_281' title='bbox 293 3175 674 3255; x_wconf 79' lang='grc' dir='ltr'><strong>ΑΜΒΡΑΚΙΩΤΑΝ,</strong></span> <span class='ocrx_word' id='word_1_282' title='bbox 695 3173 903 3246; x_wconf 66' lang='lat' dir='ltr'><strong>Auum</strong></span> <span class='ocrx_word' id='word_1_283' title='bbox 929 3189 992 3244; x_wconf 85' lang='lat' dir='ltr'><strong>etc.</strong></span> <span class='ocrx_word' id='word_1_284' title='bbox 1018 3179 1066 3244; x_wconf 85' lang='lat' dir='ltr'><strong>vi·</strong></span> <span class='ocrx_word' id='word_1_285' title='bbox 1261 3167 1518 3245; x_wconf 65' lang='lat' dir='ltr'><strong>.‘⁰⁸.Sl&#39;⁰0⁸⁸⁸&#39;⁸</strong></span> <span class='ocrx_word' id='word_1_286' title='bbox 1533 3167 1684 3228; x_wconf 48' lang='lat' dir='ltr'><strong>&amp;me·</strong></span> <span class='ocrx_word' id='word_1_287' title='bbox 1844 3245 1850 3256; x_wconf 69' lang='grc'><em>,</em></span> 
     </span>
     <span class='ocr_line' id='line_1_27' title="bbox 279 3278 1870 3372; baseline 0.001 -27"><span class='ocrx_word' id='word_1_288' title='bbox 279 3282 369 3372; x_wconf 52' lang='grc' dir='ltr'><strong>ἐιῑοιί</strong></span> <span class='ocrx_word' id='word_1_289' title='bbox 397 3294 534 3368; x_wconf 83' lang='lat' dir='ltr'><strong>poeaunt</strong></span> <span class='ocrx_word' id='word_1_290' title='bbox 563 3281 596 3340; x_wconf 88' lang='lat' dir='ltr'><strong>io</strong></span> <span class='ocrx_word' id='word_1_291' title='bbox 629 3278 726 3346; x_wconf 80' lang='lat' dir='ltr'><strong>variie</strong></span> <span class='ocrx_word' id='word_1_292' title='bbox 750 3278 901 3344; x_wconf 85' lang='lat' dir='ltr'><strong>Corinthi</strong></span> <span class='ocrx_word' id='word_1_293' title='bbox 924 3279 1066 3347; x_wconf 74' lang='lat' dir='ltr'><strong>coloniis</strong></span> <span class='ocrx_word' id='word_1_294' title='bbox 1143 3279 1266 3361; x_wconf 85' lang='lat' dir='ltr'><strong>Pouea,</strong></span> <span class='ocrx_word' id='word_1_295' title='bbox 1289 3281 1348 3346; x_wconf 86' lang='lat' dir='ltr'><strong>eed</strong></span> <span class='ocrx_word' id='word_1_296' title='bbox 1362 3279 1552 3366; x_wconf 79' lang='lat' dir='ltr'><strong>graviaeima</strong></span> <span class='ocrx_word' id='word_1_297' title='bbox 1567 3281 1665 3368; x_wconf 73' lang='lat' dir='ltr'><strong>huju·</strong></span> <span class='ocrx_word' id='word_1_298' title='bbox 1680 3281 1777 3349; x_wconf 90' lang='lat' dir='ltr'><strong>amici</strong></span> <span class='ocrx_word' id='word_1_299' title='bbox 1796 3303 1870 3348; x_wconf 87' lang='lat' dir='ltr'><strong>aen·</strong></span> 
     </span>
     <span class='ocr_line' id='line_1_28' title="bbox 295 3379 1870 3473; baseline -0.001 -22"><span class='ocrx_word' id='word_1_300' title='bbox 295 3385 396 3462; x_wconf 45' lang='lat' dir='ltr'><strong>cuais</strong></span> <span class='ocrx_word' id='word_1_301' title='bbox 412 3383 453 3446; x_wconf 87' lang='lat' dir='ltr'><strong>de</strong></span> <span class='ocrx_word' id='word_1_302' title='bbox 477 3381 595 3468; x_wconf 84' lang='lat' dir='ltr'><strong>quibue</strong></span> <span class='ocrx_word' id='word_1_303' title='bbox 617 3379 734 3464; x_wconf 74' lang='lat' dir='ltr'><strong>agetur</strong></span> <span class='ocrx_word' id='word_1_304' title='bbox 752 3379 854 3457; x_wconf 79' lang='lat' dir='ltr'><strong>inire,</strong></span> <span class='ocrx_word' id='word_1_305' title='bbox 876 3381 969 3446; x_wconf 85' lang='lat' dir='ltr'><strong>aheet</strong></span> <span class='ocrx_word' id='word_1_306' title='bbox 998 3383 1068 3446; x_wconf 88' lang='lat' dir='ltr'><strong>ele·</strong></span> <span class='ocrx_word' id='word_1_307' title='bbox 1101 3382 1222 3446; x_wconf 83' lang='lat' dir='ltr'><strong>tentiae</strong></span> <span class='ocrx_word' id='word_1_308' title='bbox 1257 3397 1524 3448; x_wconf 84' lang='lat' dir='ltr'><strong>commemorant.</strong></span> <span class='ocrx_word' id='word_1_309' title='bbox 1575 3383 1735 3448; x_wconf 75' lang='lat' dir='ltr'><strong>Alterum</strong></span> <span class='ocrx_word' id='word_1_310' title='bbox 1773 3407 1870 3473; x_wconf 75' lang='lat' dir='ltr'><strong>ergu-</strong></span> 
     </span>
     <span class='ocr_line' id='line_1_29' title="bbox 295 3482 1871 3573; baseline 0 -22"><span class='ocrx_word' id='word_1_311' title='bbox 295 3501 441 3552; x_wconf 85' lang='lat' dir='ltr'><strong>mentum</strong></span> <span class='ocrx_word' id='word_1_312' title='bbox 470 3485 511 3568; x_wconf 75' lang='grc' dir='ltr'><strong>ῼ.</strong></span> <span class='ocrx_word' id='word_1_313' title='bbox 553 3485 606 3548; x_wconf 83' lang='lat' dir='ltr'><strong>Ex</strong></span> <span class='ocrx_word' id='word_1_314' title='bbox 627 3503 693 3568; x_wconf 89' lang='lat' dir='ltr'><strong>quo</strong></span> <span class='ocrx_word' id='word_1_315' title='bbox 715 3482 830 3568; x_wconf 79' lang='lat' dir='ltr'><strong>colligi</strong></span> <span class='ocrx_word' id='word_1_316' title='bbox 850 3497 972 3570; x_wconf 78' lang='lat' dir='ltr'><strong>potent,</strong></span> <span class='ocrx_word' id='word_1_317' title='bbox 994 3484 1068 3548; x_wconf 89' lang='lat' dir='ltr'><strong>lite·</strong></span> <span class='ocrx_word' id='word_1_318' title='bbox 1101 3498 1266 3560; x_wconf 86' lang='lat' dir='ltr'><strong>mentum,</strong></span> <span class='ocrx_word' id='word_1_319' title='bbox 1303 3483 1391 3570; x_wconf 88' lang='lat' dir='ltr'><strong>quod</strong></span> <span class='ocrx_word' id='word_1_320' title='bbox 1416 3485 1451 3547; x_wconf 92' lang='lat' dir='ltr'><strong>in</strong></span> <span class='ocrx_word' id='word_1_321' title='bbox 1482 3504 1520 3548; x_wconf 91' lang='lat' dir='ltr'><strong>re</strong></span> <span class='ocrx_word' id='word_1_322' title='bbox 1545 3485 1770 3554; x_wconf 84' lang='lat' dir='ltr'><strong>numiamutica</strong></span> <span class='ocrx_word' id='word_1_323' title='bbox 1797 3489 1871 3573; x_wconf 87' lang='lat' dir='ltr'><strong>plu·</strong></span> 
     </span>
     <span class='ocr_line' id='line_1_30' title="bbox 294 3583 1870 3676; baseline 0.001 -24"><span class='ocrx_word' id='word_1_324' title='bbox 294 3610 367 3654; x_wconf 90' lang='lat' dir='ltr'><strong>ram</strong></span> <span class='ocrx_word' id='word_1_325' title='bbox 396 3587 480 3651; x_wconf 89' lang='lat' dir='ltr'><strong>hauc</strong></span> <span class='ocrx_word' id='word_1_326' title='bbox 511 3584 658 3648; x_wconf 82' lang='lat' dir='ltr'><strong>rulitarie</strong></span> <span class='ocrx_word' id='word_1_327' title='bbox 686 3583 824 3669; x_wconf 71' lang='lat' dir='ltr'><strong>positam</strong></span> <span class='ocrx_word' id='word_1_328' title='bbox 852 3584 886 3646; x_wconf 88' lang='lat' dir='ltr'><strong>in</strong></span> <span class='ocrx_word' id='word_1_329' title='bbox 924 3585 975 3648; x_wconf 83' lang='lat' dir='ltr'><strong>hie</strong></span> <span class='ocrx_word' id='word_1_330' title='bbox 1003 3607 1063 3650; x_wconf 87' lang='lat' dir='ltr'><strong>uu·</strong></span> <span class='ocrx_word' id='word_1_331' title='bbox 1097 3584 1219 3650; x_wconf 91' lang='lat' dir='ltr'><strong>rimum</strong></span> <span class='ocrx_word' id='word_1_332' title='bbox 1248 3605 1380 3670; x_wconf 87' lang='lat' dir='ltr'><strong>aemper</strong></span> <span class='ocrx_word' id='word_1_333' title='bbox 1407 3585 1527 3666; x_wconf 77' lang='lat' dir='ltr'><strong>veluit,</strong></span> <span class='ocrx_word' id='word_1_334' title='bbox 1555 3585 1597 3650; x_wconf 88' lang='lat' dir='ltr'><strong>ab</strong></span> <span class='ocrx_word' id='word_1_335' title='bbox 1625 3587 1697 3672; x_wconf 77' lang='lat' dir='ltr'><strong>ipso</strong></span> <span class='ocrx_word' id='word_1_336' title='bbox 1729 3591 1870 3676; x_wconf 81' lang='lat' dir='ltr'><strong>petitum</strong></span> 
     </span>
    </p>
   </div>
   <div class='ocr_carea' id='block_1_3' title="bbox 161 3681 1872 3774">
    <p class='ocr_par' dir='ltr' id='par_1_4' title="bbox 161 3681 1872 3774">
     <span class='ocr_line' id='line_1_31' title="bbox 161 3681 1872 3774; baseline 0.002 -21"><span class='ocrx_word' id='word_1_337' title='bbox 161 3750 166 3760; x_wconf 85' lang='grc'><em>,</em></span> <span class='ocrx_word' id='word_1_338' title='bbox 296 3689 358 3752; x_wconf 88' lang='lat' dir='ltr'><strong>mia</strong></span> <span class='ocrx_word' id='word_1_339' title='bbox 390 3687 446 3749; x_wconf 89' lang='lat' dir='ltr'><strong>uui</strong></span> <span class='ocrx_word' id='word_1_340' title='bbox 469 3685 627 3774; x_wconf 84' lang='lat' dir='ltr'><strong>Corintho</strong></span> <span class='ocrx_word' id='word_1_341' title='bbox 657 3681 968 3768; x_wconf 65' lang='lat' dir='ltr'><strong>fuissem-opium,</strong></span> <span class='ocrx_word' id='word_1_342' title='bbox 998 3707 1063 3771; x_wconf 92' lang='lat' dir='ltr'><strong>quo</strong></span> <span class='ocrx_word' id='word_1_343' title='bbox 1098 3689 1192 3764; x_wconf 82' lang='lat' dir='ltr'><strong>loco,</strong></span> <span class='ocrx_word' id='word_1_344' title='bbox 1225 3707 1291 3774; x_wconf 91' lang='lat' dir='ltr'><strong>quo</strong></span> <span class='ocrx_word' id='word_1_345' title='bbox 1313 3686 1479 3768; x_wconf 75' lang='lat' dir='ltr'><strong>copioeiua&#39;</strong></span> <span class='ocrx_word' id='word_1_346' title='bbox 1505 3705 1545 3751; x_wconf 82' lang='lat' dir='ltr'><strong>eu</strong></span> <span class='ocrx_word' id='word_1_347' title='bbox 1576 3707 1670 3751; x_wconf 85' lang='lat' dir='ltr'><strong>merx</strong></span> <span class='ocrx_word' id='word_1_348' title='bbox 1701 3691 1787 3754; x_wconf 79' lang='lat' dir='ltr'><strong>nolet</strong></span> <span class='ocrx_word' id='word_1_349' title='bbox 1816 3712 1872 3756; x_wconf 89' lang='lat' dir='ltr'><strong>re·</strong></span> 
     </span>
    </p>
   </div>
   <div class='ocr_carea' id='block_1_4' title="bbox 294 3785 1874 3987">
    <p class='ocr_par' dir='ltr' id='par_1_5' title="bbox 294 3785 1874 3987">
     <span class='ocr_line' id='line_1_32' title="bbox 296 3785 1874 3886; baseline 0.001 -32"><span class='ocrx_word' id='word_1_350' title='bbox 296 3791 443 3874; x_wconf 73' lang='lat' dir='ltr'><strong>signatue</strong></span> <span class='ocrx_word' id='word_1_351' title='bbox 477 3801 626 3852; x_wconf 80' lang='lat' dir='ltr'><strong>monetae</strong></span> <span class='ocrx_word' id='word_1_352' title='bbox 654 3787 748 3855; x_wconf 83' lang='lat' dir='ltr'><strong>locue</strong></span> <span class='ocrx_word' id='word_1_353' title='bbox 780 3785 992 3854; x_wconf 75' lang='lat' dir='ltr'><strong>indiceretur.</strong></span> <span class='ocrx_word' id='word_1_354' title='bbox 1022 3791 1077 3858; x_wconf 39' lang='grc' dir='ltr'><strong>Υ»</strong></span> <span class='ocrx_word' id='word_1_355' title='bbox 1098 3787 1214 3874; x_wconf 86' lang='lat' dir='ltr'><strong>periri.</strong></span> <span class='ocrx_word' id='word_1_356' title='bbox 1256 3786 1385 3886; x_wconf 67' lang='lat' dir='ltr'><strong>Quanta</strong></span> <span class='ocrx_word' id='word_1_357' title='bbox 1405 3809 1486 3856; x_wconf 82' lang='lat' dir='ltr'><strong>vero</strong></span> <span class='ocrx_word' id='word_1_358' title='bbox 1509 3789 1605 3876; x_wconf 86' lang='lat' dir='ltr'><strong>copia</strong></span> <span class='ocrx_word' id='word_1_359' title='bbox 1627 3788 1663 3854; x_wconf 88' lang='lat' dir='ltr'><strong>id</strong></span> <span class='ocrx_word' id='word_1_360' title='bbox 1686 3809 1790 3876; x_wconf 73' lang='lat' dir='ltr'><strong>genua</strong></span> <span class='ocrx_word' id='word_1_361' title='bbox 1813 3813 1874 3856; x_wconf 89' lang='lat' dir='ltr'><strong>uu·</strong></span> 
     </span>
     <span class='ocr_line' id='line_1_33' title="bbox 294 3887 1872 3987; baseline 0.001 -31"><span class='ocrx_word' id='word_1_362' title='bbox 294 3896 333 3956; x_wconf 87' lang='lat' dir='ltr'><strong>lu</strong></span> <span class='ocrx_word' id='word_1_363' title='bbox 364 3890 482 3954; x_wconf 88' lang='lat' dir='ltr'><strong>horum</strong></span> <span class='ocrx_word' id='word_1_364' title='bbox 508 3890 692 3968; x_wconf 87' lang='lat' dir='ltr'><strong>nonnullia‚</strong></span> <span class='ocrx_word' id='word_1_365' title='bbox 722 3907 805 3976; x_wconf 91' lang='lat' dir='ltr'><strong>quoa</strong></span> <span class='ocrx_word' id='word_1_366' title='bbox 834 3887 970 3954; x_wconf 87' lang='lat' dir='ltr'><strong>edidere</strong></span> <span class='ocrx_word' id='word_1_367' title='bbox 989 3889 1066 3954; x_wconf 88' lang='lat' dir='ltr'><strong>Pel·</strong></span> <span class='ocrx_word' id='word_1_368' title='bbox 1099 3909 1230 3952; x_wconf 86' lang='lat' dir='ltr'><strong>morum</strong></span> <span class='ocrx_word' id='word_1_369' title='bbox 1250 3887 1492 3973; x_wconf 77' lang='lat' dir='ltr'><strong>reperiatur&#39;iu</strong></span> <span class='ocrx_word' id='word_1_370' title='bbox 1514 3890 1651 3987; x_wconf 55' lang='lat' dir='ltr'><strong>Sicilia„</strong></span> <span class='ocrx_word' id='word_1_371' title='bbox 1665 3892 1799 3978; x_wconf 86' lang='lat' dir='ltr'><strong>docebit</strong></span> <span class='ocrx_word' id='word_1_372' title='bbox 1824 3906 1872 3958; x_wconf 89' lang='lat' dir='ltr'><strong>te·</strong></span> 
     </span>
    </p>
   </div>
   <div class='ocr_carea' id='block_1_5' title="bbox 296 3989 2113 4184">
    <p class='ocr_par' dir='ltr' id='par_1_6' title="bbox 296 3989 2113 4184">
     <span class='ocr_line' id='line_1_34' title="bbox 296 3989 1989 4078; baseline 0.004 -21"><span class='ocrx_word' id='word_1_373' title='bbox 296 3993 434 4059; x_wconf 80' lang='lat' dir='ltr'><strong>leriniue</strong></span> <span class='ocrx_word' id='word_1_374' title='bbox 460 3991 509 4075; x_wconf 78' lang='lat'><strong>²).</strong></span> <span class='ocrx_word' id='word_1_375' title='bbox 543 3991 679 4078; x_wconf 85' lang='lat' dir='ltr'><strong>aliique,</strong></span> <span class='ocrx_word' id='word_1_376' title='bbox 713 3989 805 4076; x_wconf 84' lang='lat' dir='ltr'><strong>juxta</strong></span> <span class='ocrx_word' id='word_1_377' title='bbox 838 4005 935 4074; x_wconf 76' lang='lat' dir='ltr'><strong>ceput</strong></span> <span class='ocrx_word' id='word_1_378' title='bbox 960 3991 1067 4056; x_wconf 80' lang='lat' dir='ltr'><strong>Pullu-</strong></span> <span class='ocrx_word' id='word_1_379' title='bbox 1101 3991 1160 4056; x_wconf 82' lang='lat' dir='ltr'><strong>atie</strong></span> <span class='ocrx_word' id='word_1_380' title='bbox 1183 3991 1274 4056; x_wconf 85' lang='lat' dir='ltr'><strong>omni</strong></span> <span class='ocrx_word' id='word_1_381' title='bbox 1285 3989 1481 4076; x_wconf 86' lang='lat' dir='ltr'><strong>exceptione</strong></span> <span class='ocrx_word' id='word_1_382' title='bbox 1496 3990 1601 4077; x_wconf 86' lang='lat' dir='ltr'><strong>major</strong></span> <span class='ocrx_word' id='word_1_383' title='bbox 1613 3991 1770 4078; x_wconf 79' lang='lat' dir='ltr'><strong>princepe</strong></span> <span class='ocrx_word' id='word_1_384' title='bbox 1788 3997 1874 4062; x_wconf 73' lang='lat' dir='ltr'><strong>&#39;lhu-</strong></span> <span class='ocrx_word' id='word_1_385' title='bbox 1986 4013 1989 4018; x_wconf 88' lang='grc'><em>·</em></span> 
     </span>
     <span class='ocr_line' id='line_1_35' title="bbox 300 4089 2113 4184; baseline 0.004 -28"><span class='ocrx_word' id='word_1_386' title='bbox 300 4095 355 4184; x_wconf 75' lang='lat' dir='ltr'><strong>dia,</strong></span> <span class='ocrx_word' id='word_1_387' title='bbox 380 4095 480 4178; x_wconf 85' lang='lat' dir='ltr'><strong>plene</strong></span> <span class='ocrx_word' id='word_1_388' title='bbox 509 4093 666 4178; x_wconf 68' lang='lat' dir='ltr'><strong>seriptum</strong></span> <span class='ocrx_word' id='word_1_389' title='bbox 690 4093 829 4176; x_wconf 76' lang='lat' dir='ltr'><strong>legitur:</strong></span> <span class='ocrx_word' id='word_1_390' title='bbox 859 4089 1067 4158; x_wconf 75' lang='lat' dir='ltr'><strong>noue-Att-</strong></span> <span class='ocrx_word' id='word_1_391' title='bbox 1101 4093 1314 4171; x_wconf 61' lang='lat' dir='ltr'><strong>richoino,</strong></span> <span class='ocrx_word' id='word_1_392' title='bbox 1337 4093 1447 4179; x_wconf 89' lang='lat' dir='ltr'><strong>quiin</strong></span> <span class='ocrx_word' id='word_1_393' title='bbox 1468 4093 1552 4160; x_wconf 87' lang='lat' dir='ltr'><strong>haec</strong></span> <span class='ocrx_word' id='word_1_394' title='bbox 1576 4093 1679 4164; x_wconf 81' lang='lat' dir='ltr'><strong>rerha</strong></span> <span class='ocrx_word' id='word_1_395' title='bbox 1700 4097 1875 4165; x_wconf 82' lang='lat' dir='ltr'><strong>comulen-</strong></span> <span class='ocrx_word' id='word_1_396' title='bbox 1980 4169 1984 4182; x_wconf 93' lang='lat'>.</span> <span class='ocrx_word' id='word_1_397' title='bbox 2112 4093 2113 4172; x_wconf 64' lang='lat' dir='ltr'><strong>i</strong></span> 
     </span>
    </p>
   </div>
   <div class='ocr_carea' id='block_1_6' title="bbox 265 4189 1874 4396">
    <p class='ocr_par' dir='ltr' id='par_1_7' title="bbox 265 4189 1874 4396">
     <span class='ocr_line' id='line_1_36' title="bbox 299 4189 1873 4296; baseline 0.006 -39"><span class='ocrx_word' id='word_1_398' title='bbox 299 4189 434 4263; x_wconf 85' lang='grc' dir='ltr'><strong>ΔΡΟΣ.</strong></span> <span class='ocrx_word' id='word_1_399' title='bbox 475 4193 596 4259; x_wconf 82' lang='lat' dir='ltr'><strong>Cenaot</strong></span> <span class='ocrx_word' id='word_1_400' title='bbox 612 4193 828 4272; x_wconf 80' lang='lat' dir='ltr'><strong>Pelleriuiue,</strong></span> <span class='ocrx_word' id='word_1_401' title='bbox 849 4193 916 4296; x_wconf 82' lang='lat' dir='ltr'><strong>hoc</strong></span> <span class='ocrx_word' id='word_1_402' title='bbox 934 4195 1066 4288; x_wconf 85' lang='lat' dir='ltr'><strong>nqmiue</strong></span> <span class='ocrx_word' id='word_1_403' title='bbox 1102 4194 1237 4260; x_wconf 87' lang='lat' dir='ltr'><strong>timihi</strong></span> <span class='ocrx_word' id='word_1_404' title='bbox 1262 4193 1497 4280; x_wconf 62' lang='lat' dir='ltr'><strong>rescripseram</strong></span> <span class='ocrx_word' id='word_1_405' title='bbox 1525 4197 1609 4262; x_wconf 76' lang='lat' dir='ltr'><strong>coire</strong></span> <span class='ocrx_word' id='word_1_406' title='bbox 1628 4207 1660 4262; x_wconf 78' lang='lat' dir='ltr'><strong>ta</strong></span> <span class='ocrx_word' id='word_1_407' title='bbox 1691 4202 1804 4279; x_wconf 64' lang='lat' dir='ltr'><strong>celem,</strong></span> <span class='ocrx_word' id='word_1_408' title='bbox 1835 4203 1873 4267; x_wconf 75' lang='lat' dir='ltr'><strong>ira</strong></span> 
     </span>
     <span class='ocr_line' id='line_1_37' title="bbox 265 4295 1874 4396; baseline 0.008 -38"><span class='ocrx_word' id='word_1_409' title='bbox 265 4391 270 4396; x_wconf 30' lang='grc' dir='ltr'>Ι</span> <span class='ocrx_word' id='word_1_410' title='bbox 299 4295 553 4394; x_wconf 80' lang='lat' dir='ltr'><strong>intelligendum</strong></span> <span class='ocrx_word' id='word_1_411' title='bbox 597 4295 704 4382; x_wconf 82' lang='lat' dir='ltr'><strong>iprum</strong></span> <span class='ocrx_word' id='word_1_412' title='bbox 742 4296 966 4363; x_wconf 73' lang='lat' dir='ltr'><strong>Alexandrum</strong></span> <span class='ocrx_word' id='word_1_413' title='bbox 1008 4301 1067 4380; x_wconf 67' lang='lat' dir='ltr'><strong>IL,</strong></span> <span class='ocrx_word' id='word_1_414' title='bbox 1102 4301 1172 4364; x_wconf 80' lang='lat' dir='ltr'><strong>eolo</strong></span> <span class='ocrx_word' id='word_1_415' title='bbox 1206 4301 1450 4382; x_wconf 69' lang='lat' dir='ltr'><strong>umopiyloeio</strong></span> <span class='ocrx_word' id='word_1_416' title='bbox 1486 4301 1628 4384; x_wconf 64' lang='lat' dir='ltr'><strong>colloqui,</strong></span> <span class='ocrx_word' id='word_1_417' title='bbox 1641 4301 1874 4370; x_wconf 66' lang='lat' dir='ltr'><strong>&#39;renuntians&#39;</strong></span> 
     </span>
    </p>
   </div>
   <div class='ocr_carea' id='block_1_7' title="bbox 305 4505 1870 4662">
    <p class='ocr_par' dir='ltr' id='par_1_8' title="bbox 305 4505 1870 4662">
     <span class='ocr_line' id='line_1_38' title="bbox 306 4505 1870 4658; baseline 0.007 -92"><span class='ocrx_word' id='word_1_418' title='bbox 306 4601 313 4616; x_wconf 27' lang='grc' dir='ltr'>υ</span> <span class='ocrx_word' id='word_1_419' title='bbox 354 4599 379 4658; x_wconf 72' lang='lat' dir='ltr'>A</span> <span class='ocrx_word' id='word_1_420' title='bbox 416 4509 450 4658; x_wconf 74' lang='lat' dir='ltr'><strong>t¹)</strong></span> <span class='ocrx_word' id='word_1_421' title='bbox 470 4507 541 4569; x_wconf 76' lang='lat' dir='ltr'><strong>ilec-</strong></span> <span class='ocrx_word' id='word_1_422' title='bbox 555 4507 579 4568; x_wconf 79' lang='lat' dir='ltr'><strong>l·</strong></span> <span class='ocrx_word' id='word_1_423' title='bbox 593 4530 625 4590; x_wconf 83' lang='lat' dir='ltr'><strong>p.</strong></span> <span class='ocrx_word' id='word_1_424' title='bbox 639 4518 703 4576; x_wconf 81' lang='lat'><strong>112.</strong></span> <span class='ocrx_word' id='word_1_425' title='bbox 788 4513 817 4585; x_wconf 75' lang='lat'><strong>⁸)</strong></span> <span class='ocrx_word' id='word_1_426' title='bbox 836 4505 1021 4574; x_wconf 76' lang='lat' dir='ltr'><strong>nanenefic</strong></span> <span class='ocrx_word' id='word_1_427' title='bbox 1039 4509 1113 4576; x_wconf 71' lang='lat' dir='ltr'><strong>M.</strong></span> <span class='ocrx_word' id='word_1_428' title='bbox 1129 4519 1214 4578; x_wconf 70' lang='lat' dir='ltr'><strong>cie·</strong></span> <span class='ocrx_word' id='word_1_429' title='bbox 1300 4508 1334 4586; x_wconf 77' lang='lat' dir='ltr'><strong>b)</strong></span> <span class='ocrx_word' id='word_1_430' title='bbox 1349 4509 1381 4568; x_wconf 81' lang='lat' dir='ltr'><strong>h.</strong></span> <span class='ocrx_word' id='word_1_431' title='bbox 1393 4509 1471 4574; x_wconf 81' lang='lat' dir='ltr'><strong>XIX·</strong></span> <span class='ocrx_word' id='word_1_432' title='bbox 1488 4529 1516 4576; x_wconf 77' lang='lat' dir='ltr'><strong>c·</strong></span> <span class='ocrx_word' id='word_1_433' title='bbox 1532 4515 1580 4579; x_wconf 74' lang='lat' dir='ltr'><strong>tt.</strong></span> <span class='ocrx_word' id='word_1_434' title='bbox 1666 4513 1697 4586; x_wconf 71' lang='lat' dir='ltr'><strong>e)</strong></span> <span class='ocrx_word' id='word_1_435' title='bbox 1715 4512 1870 4577; x_wconf 70' lang='lat' dir='ltr'><strong>elueret.</strong></span> 
     </span>
     <span class='ocr_line' id='line_1_39' title="bbox 305 4618 1475 4662; baseline -0.002 -3"><span class='ocrx_word' id='word_1_436' title='bbox 305 4619 335 4660; x_wconf 91' lang='lat' dir='ltr'><strong>m</strong></span> <span class='ocrx_word' id='word_1_437' title='bbox 381 4618 459 4662; x_wconf 70' lang='lat' dir='ltr'><strong>reo.</strong></span> <span class='ocrx_word' id='word_1_438' title='bbox 1470 4641 1475 4657; x_wconf 89' lang='lat'><strong>.</strong></span> 
     </span>
    </p>
   </div>
   <div class='ocr_carea' id='block_1_8' title="bbox 0 0 2124 5488">
    <p class='ocr_par' dir='ltr' id='par_1_9' title="bbox 0 0 2124 5488">
     <span class='ocr_line' id='line_1_40' title="bbox 0 0 2124 5488; baseline 0 0"><span class='ocrx_word' id='word_1_439' title='bbox 0 0 2124 5488; x_wconf 95' lang='lat' dir='ltr'><strong> </strong></span> 
     </span>
    </p>
   </div>
  </div>
 </body>
</html>
