4232 5488
318 612 391 700 aba
883 606 1445 704 ACHAIA„

315 786 376 850 dot
401 783 580 850 Achaicum
608 777 792 865 pertinent,
831 775 922 863 quod
961 791 1088 862 tempo·
1163 779 1338 843 Poatremo
1358 779 1402 844 el.
1428 779 1576 842 Settinna
1601 779 1786 870 collaudato
1810 783 1901 844 Neu·

314 889 439 951 rarinm
479 897 605 962 tantum
640 881 712 944 fuit.
766 881 850 944 Sunt
888 897 969 942 vero
996 880 1087 944 numi
1122 881 1247 957 manni,
1270 899 1411 966 meoque
1443 880 1587 964 jndicio,
1618 880 1708 968 qaod
1738 905 1755 946 a
1787 883 1897 948 Malea

312 998 507 1070 praecentet
533 999 598 1050 tam
629 982 783 1058 metallo,
812 1001 909 1066 qnam
938 982 1087 1064 pondere
1121 979 1184 1044 boa
1217 1003 1335 1046 nnmoa
1378 983 1574 1059 avertimus,
1605 984 1727 1046 acriter
1760 999 1898 1049 conten·

314 1101 349 1154 at
384 1087 509 1152 fabrica
538 1083 697 1150 aimiilimi
728 1083 785 1161 iia,
817 1083 872 1168 qui
898 1083 931 1146 in
963 1083 1087 1148 Acbaia
1122 1081 1289 1158 diambi}
1304 1083 1429 1167 Siphno
1441 1085 1475 1147 in
1493 1103 1551 1148 eoa
1567 1105 1640 1149 caea
1658 1085 1756 1168 juria,
1780 1103 1895 1152 omnes

313 1189 384 1253 onai
411 1187 527 1266 fuere,
560 1187 653 1272 cuju·
676 1208 752 1270 para
775 1183 839 1248 fuit
869 1187 989 1270 Sicyon
1010 1201 1084 1249 cum
1122 1181 1185 1245 aibi
1216 1183 1394 1266 Sicyonem
1429 1185 1608 1250 vindicare.
1653 1185 1761 1272 Super
1792 1209 1890 1272 argu·

311 1311 405 1377 agno.
449 1292 531 1354 Cum
551 1289 654 1374 igitur
682 1289 714 1348 in
748 1287 799 1349 bia
827 1307 1019 1378 expreaaum
1043 1289 1087 1352 ait
1121 1299 1230 1348 menta
1269 1285 1444 1369 pleraque,
1491 1307 1631 1370 quorum
1665 1311 1761 1353 cauaa
1795 1311 1894 1374 aupra

311 1387 345 1456 Σ
371 1393 463 1456 urbia
486 1393 584 1456 litera
604 1389 779 1476 princepe,
808 1391 892 1454 nulli
916 1389 1013 1468 alteri
1031 1413 1084 1455 nr·
1121 1385 1372 1467 praeferendam
1413 1389 1588 1470 Sicyonem
1625 1391 1711 1466 dixi,
1750 1411 1896 1455 comme·

309 1497 345 1561 bi
373 1485 452 1582 pree
487 1495 629 1574 Sicyone
669 1493 886 1576 opportunius
928 1507 1085 1577 poterunt
1121 1503 1226 1578 morat
1256 1488 1372 1567 ctiam,
1401 1493 1502 1555 certia
1533 1491 1596 1554 aibi
1617 1488 1747 1552 indiciis
1767 1505 1895 1554 conata·

309 1595 567 1667 adcommodati.
631 1593 684 1655 Ad
724 1593 806 1656 baec
835 1609 945 1659 narrat
974 1593 1085 1659 Xeno·
1119 1608 1175 1667 re,
1200 1589 1287 1653 intnd
1319 1609 1472 1657 monetae
1495 1608 1672 1678 argentone
1698 1612 1802 1678 genna
1825 1613 1893 1654 non

309 1701 467 1789 phone),
516 1694 688 1778 sicyonio·
720 1695 930 1760 conaueriaae
958 1695 1083 1781 clypeia
1118 1689 1359 1776 reperiri,niai
1380 1694 1412 1756 in
1438 1695 1556 1760 ricinia
1581 1693 1705 1758 veteris
1732 1693 1893 1776 Sicyonia,

309 1805 376 1868 auia
397 1799 582 1867 inscribere
607 1798 736 1862 literam
756 1797 797 1864 Σ.
823 1800 915 1882 Ergo
930 1818 995 1880 qno
1010 1797 1084 1861 aba·
1120 1811 1203 1876 qnae
1231 1793 1331 1858 bodie
1372 1799 1517 1859 Baaib'ca
1558 1794 1689 1858 dieitur.
1738 1795 1892 1860 Validam

308 1921 439 1972 ractere
472 1903 523 1966 nai
555 1913 630 1962 aunt
655 1900 695 1962 ad
719 1921 794 1963 auoa
823 1899 856 1961 in
882 1899 1081 1982 praeliorum
1120 1915 1197 1958 eane
1227 1896 1262 1958 in
1291 1895 1400 1959 dubiia
1439 1897 1675 1962 numismaticia
1720 1916 1892 1979 argumen-

308 1991 451 2072 tamuitu
482 1999 734 2077 discernendae,
765 1999 883 2064 eodem
901 1999 1008 2062 -etiam
1039 1999 1085 2063 vi·
1120 1995 1203 2060 tum.
1255 1997 1428 2062 Rationem
1454 1999 1635 2062 Nenmanni
1660 1999 1700 2063 ab
1733 1999 1891 2082 inacripto

309 2109 430 2180 deutur
450 2105 553 2168 fuiaae
580 2103 632 2164 usi
655 2099 996 2166 addiscriminandam
1015 2121 1083 2164 mo·
1119 2097 1311 2182 magistratu
1350 2095 1569 2164 ΑΛΕΞΙΩΝ
1609 2103 1745 2187 petitam
1783 2102 1893 2163 elevat
2009 2117 2013 2124 ’

307 2223 419 2274 natam
457 2229 547 2270 auam
577 2203 618 2266 ab
651 2203 714 2284 elia
743 2203 882 2268 aliorum
918 2202 1081 2286 Pelopon·
1118 2201 1308 2278 atatuendo,
1340 2201 1427 2266 bunc
1463 2223 1594 2289 quoque
1626 2223 1765 2268 aeneum
1800 2203 1892 2266 Hun-

307 2291 381 2378 uebi
406 2309 614 2394 populorum.
657 2305 794 2370 Haecai
815 2301 1081 2388 eruditiaproba-
1116 2302 1278 2366 tatianum
1314 2321 1387 2368 eoae
1423 2295 1588 2385 SIcyonia,
1622 2327 1778 2391 anumque
1807 2306 1891 2369 adeo
1949 2382 1952 2390 Ι

307 2410 449 2488 buntur,
470 2407 695 2472 nobiliaaimac
724 2408 859 2492 Sicyoni
885 2425 961 2470 auor
979 2405 1081 2468 vindi·
1118 2403 1226 2485 potina
1253 2425 1383 2469 canaam
1406 2405 1592 2474 confirmari
1601 2431 1610 2490 ς
1636 2410 1758 2473 etenim
1782 2409 1808 2471 ai
1835 2410 1889 2471 bio

181 2577 186 2590 ,
309 2512 584 2578 carimnanumoa
601 2527 705 2591 usqne
723 2509 756 2572 in
773 2511 860 2572 hunc
877 2506 1080 2592 diempatrio
1118 2503 1293 2588 Sicyonem
1322 2507 1460 2593 patriam
1491 2510 1607 2587 babet,
1642 2511 1741 2574 etiam
1774 2529 1891 2592 argen-

307 2613 381 2679 aolo
403 2625 565 2676 extorret.
607 2667 609 2678 .
1117 2607 1163 2668 toi
1190 2607 1311 2672 eodem
1342 2611 1533 2695 magiatratu
1562 2613 1665 2677 notati
1688 2611 1730 2676 ad
1749 2613 1887 2676 eandem

348 2715 441 2778 Haec
468 2727 542 2776 ante
569 2733 671 2776 annea
693 2711 861 2776 minimum
884 2710 956 2776 ΧΠ.
978 2711 1081 2794 accip·
1117 2722 1215 2773 crunt
1237 2709 1353 2774 urbem
1376 2711 1524 2776 vocandi.
1615 2763 1624 2772 .

306 2837 430 2892 eornm,
459 2834 567 2899 neque
592 2814 834 2890 dubitaveram,
853 2811 954 2875 .hanc
987 2812 1081 2876 inro-
1159 2809 1258 2902 Quod
1288 2816 1466 2878 manmit
1496 2817 1529 2876 in
1555 2815 1708 2878 univerae
1729 2815 1790 2876 bac
1814 2834 1890 2879 cau-

304 2917 404 2984 terati
434 2918 560 2980 erroris
589 2917 809 3000 auspicionem
840 2915 873 2975 in
900 2915 1031 2998 vulgato
1061 2937 1080 2978 ι
1117 2935 1150 2977 aa
1185 2901 1363 2998 judicium,
1392 2918 1506 2999 paucio
1542 2917 1725 3004 expediam.
1769 2915 1888 2979 Nullae

306 3038 360 3082 me
398 3017 548 3102 catalogo
574 3021 680 3082 muaei
708 3017 859 3082 Caeaarei
892 3017 1002 3080 obiter
1032 3017 1081 3078 in·
1115 3015 1179 3098 jam
1220 3014 1351 3094 dubito,
1385 3015 1473 3101 quad
1506 3021 1636 3105 pridem
1666 3019 1886 3102 conjeceram,

306 3099 493 3198 dicare'2),
531 3139 605 3182 cum
636 3141 689 3181 me
718 3119 762 3180 cl.
790 3121 999 3182 Naumannue
1030 3137 1081 3182 ae·
1116 3137 1230 3182 omnen
1257 3116 1318 3182 boa
1349 3133 1525 3204 argenteon
1552 3122 1676 3200 majore
1703 3119 1734 3186 Σ
1760 3137 1888 3186 notator

305 3219 375 3282 rina
399 3218 540 3302 Sicyone
568 3211 784 3304 in'Sipbnum
814 3218 979 3284 abatraxit.
1023 3221 1080 3282 Et·
1116 3217 1289 3300 Sicyonem
1330 3221 1546 3286 revocandos.
1603 3225 1742 3286 Praeter
1792 3243 1887 3306 argu·

224 3327 226 3334 ⁴
305 3320 395 3384 enim
430 3341 504 3384 eunt
535 3319 568 3382 in
601 3341 702 3384 numo
736 3340 839 3384 aeneo
862 3311 1079 3398 Honteriano,
1116 3333 1245 3395 menta,
1290 3342 1372 3404 qnae
1416 3325 1524 3402 attuli,
1568 3343 1689 3411 eaque,
1730 3337 1766 3386 ut
1797 3345 1888 3400 reor,

306 3440 405 3508 qnam
421 3441 488 3486 non
507 3417 674 3488 dubitabat
701 3443 774 3486 aare
802 3421 918 3506 Siphai
940 3423 1077 3492 insulae,
1116 3422 1248 3484 omniuo
1274 3425 1393 3504 aalide,
1417 3429 1513 3491 etiam
1536 3429 1649 3504 lucca,
1678 3427 1711 3488 in
1735 3449 1800 3512 qun
1827 3447 1886 3492 eoa

284 3521 436 3606 ‚legeret
466 3521 691 3608 magiatratum
715 3518 951 3601 ΑΛΕΞΙΩΝ,
978 3541 1076 3612 atque
1114 3527 1257 3610 reperiri
1286 3543 1424 3594 tentatur
1455 3529 1619 3606 Scationa,
1651 3551 1802 3615 magnum
1831 3532 1886 3594 ad·

302 3620 547 3706 idemlegatur
575 3625 609 3687 in
637 3624 798 3690 aimiiibua
818 3627 1001 3709 argenteio,
1034 3625 1081 3690 de¹
1113 3623 1180 3688 fert
1204 3647 1415 3697 momentum.
1459 3635 1567 3717 Atque
1596 3634 1680 3698 haec
1709 3635 1817 3696 omnia
1842 3635 1887 3696 ai·

303 3723 422 3810 quibua
453 3745 541 3788 nnnc
570 3727 714 3810 agimur,
742 3728 816 3812 jore
850 3728 983 3812 putabat
1014 3729 1075 3792 boa
1112 3727 1181 3790 mul
1214 3745 1341 3816 aumpta
1373 3751 1437 3798 tam
1471 3734 1552 3796 mibi
1585 3735 1738 3800 videntur
1768 3734 1886 3818 valida,

303 3844 435 3910 qnoque
480 3825 605 3911 Siphno
648 3827 869 3893 reatitnendoa
887 3838 931 3912 y).
976 3829 1076 3926 Quod
1112 3843 1148 3892 nt
1171 3849 1400 3916 argumentum
1428 3858 1445 3901 a
1470 3837 1633 3900 vocabulo
1666 3834 1885 3902 ΑΛΕΞΙΩΝ

302 3927 436 4012 quidem
463 3945 691 4014 argumentum
724 3931 801 3995 aetia
825 3932 906 3994 mibi
932 3933 1074 3996 validum
1111 3947 1260 4020 captum,
1313 3939 1402 4023 quod
1443 3940 1627 4002 Neumanni
1668 3938 1885 4002 fortiaaimnm

301 4031 425 4108 vinum,
450 4046 486 4095 ut
508 4050 572 4116 ego
599 4051 730 4118 quoquc
750 4035 790 4098 ad
820 4034 904 4098 banc
934 4035 1073 4104 incolam
1111 4051 1180 4114 eat,
1211 4059 1341 4103 omnem
1373 4039 1522 4106 rideatur
1558 4041 1708 4106 amittere
1745 4042 1886 4105 auctori·

240 4215 243 4222 Ι
301 4131 686 4212 animumadverterem,
709 4135 796 4222 quod
822 4137 978 4202 etaeriut
1002 4140 1074 4222 ipae
1110 4151 1223 4204 tatem.
1266 4143 1399 4206 Etenim
1426 4143 1455 4204 ai
1478 4142 1572 4204 aenei
1595 4141 1630 4203 bi
1653 4144 1745 4206 numi
1765 4144 1885 4206 exSe·

300 4229 471 4312 proseaaue
488 4253 557 4297 aum
580 4239 622 4322 ι).
1110 4241 1185 4314 atini
1223 4245 1383 4308 sententia
1425 4259 1502 4308 aunt
1545 4245 1702 4330 Sicyonia,
1740 4248 1882 4332 Siphnos

306 4435 1878 4472 --———----—---—--.......................

299 4623 312 4686 l
385 4537 834 4692 1¹¹)prt1..1V.p.m,522.
902 4545 1063 4625 x)1³.1.p.
1080 4557 1142 4612 121·
1213 4551 1245 4621 y)
1264 4549 1352 4610 Num.
1367 4571 1442 4631 pop.
1463 4553 1499 4612 Ρ.
1517 4551 1555 4614 11.
1574 4574 1609 4632 p.
1627 4562 1689 4620 221.
1765 4555 1879 4634 ¹)SJl·

314 4643 366 4706 oye
401 4648 462 4707 .p.
519 4669 527 4688 .
