4296 5494
706 591 971 669 rusvurn
1018 529 1402 710 orsaorsa(
1771 611 1818 675 ss

542 770 726 829 Aaronom.
1054 761 1160 826 numia
1181 762 1373 846 frequenter
1392 761 1494 826 telum
1513 761 1657 840 evibret,
1680 775 1714 828 et
1730 765 1818 828 idem

296 869 397 942 Caput
418 867 538 928 Bocchi
563 867 729 928 barbatum
751 877 784 928 et
802 869 1019 928 hederarum·
1054 864 1262 948 praecipuis,
1293 879 1329 928 ut
1360 863 1452 941 dixi,
1484 863 1663 928 honoribus
1695 865 1729 926 in
1758 865 1819 928 ltus

250 977 374 1029 nutum.
396 961 420 1022 a
444 963 632 1028 ΘΑΤΙΟΝ.
660 970 926 1047 Herculesleoois
942 987 1019 1046 eru-
1053 963 1158 1025 insula
1178 978 1309 1050 ornatus
1337 965 1455 1041 fuerit,
1478 965 1642 1050 adscripto
1665 967 1762 1030 etiam
1784 967 1818 1028 in

136 1105 139 1110 -
250 1071 319 1128 us‘s‘s
332 1067 528 1144 tremiliaco
546 1072 675 1129 dexteru
692 1089 777 1146 penu
792 1085 902 1130 orsum
918 1071 1018 1128 s‘rston·
1054 1063 1161 1124 numia
1182 1063 1307 1144 obviis,
1333 1065 1373 1128 de
1396 1067 1513 1152 quibus
1536 1087 1630 1142 mox,
1653 1069 1724 1150 ipso
1747 1069 1818 1150 ejus

250 1171 318 1240 dir,
342 1170 377 1226 s'n
395 1187 474 1228 oreo
488 1170 562 1228 hinc
576 1165 648 1232 BA.
665 1162 841 1230 irrisero,
859 1189 954 1247 sopra
966 1187 1021 1247 ye-
1054 1165 1204 1240 nomine,
1226 1186 1290 1228 non
1313 1168 1454 1250 patimur
1474 1188 1535 1230 nos
1555 1189 1571 1228 a
1587 1183 1720 1252 recepta
1742 1169 1821 1231 olio·

251 1287 299 1329 uas
316 1271 480 1328 sinistrum
494 1255 633 1342 lacerta,
656 1271 763 1330 omnio
780 1271 867 1328 intro
884 1271 1020 1350 quodra-
1055 1287 1127 1328 rum
1152 1265 1305 1348 opinione
1328 1268 1506 1344 dimoveri,
1529 1269 1645 1354 quibua
1675 1273 1702 1332 is
1722 1269 1821 1330 mani·

251 1377 332 1428 tum.
348 1369 417 1430 AR.
437 1366 497 1428 III.
514 1367 614 1445 (Mus.
630 1370 676 1430 Μ.
691 1367 816 1445 Ducis.)
1059 1365 1160 1430 festus
1184 1369 1345 1430 Hercules
1374 1367 1513 1434 videtur.
1542 1373 1586 1432 Et
1613 1389 1694 1434 vero
1716 1371 1820 1454 qualis
1910 1379 1913 1386 “

298 1471 421 1529 Eadem
448 1451 1032 1531 adversa.aea210N.rrercarea⁴
1056 1470 1090 1530 in
1114 1470 1164 1530 his
1189 1470 1294 1530 numia
1315 1470 1482 1554 pingitur,
1506 1469 1677 1554 eleganter
1699 1474 1822 1537 deseri-

251 1572 395 1645 er'usdem
414 1569 553 1630 rationis
574 1572 661 1631 intra
676 1573 878 1652 quadratum.
900 1570 969 1632 AB.
994 1571 1019 1630 1.
1056 1569 1144 1632 bitur
1166 1569 1206 1631 ab
1223 1569 1370 1633 Homero
1386 1575 1431 1648 el:

251 1669 449 1748 (Pellerin.)
769 1673 779 1684 ’
1353 1671 1369 1732 ὁ
1391 1665 1522 1755 δ’ἒρεμνῃ
1539 1696 1614 1734 roras
1633 1671 1736 1746 ἕοικως

296 1768 424 1828 Horum
461 1769 608 1852 priorem
644 1769 788 1833 omniurn
820 1767 1020 1852 elegantissi·
1099 1765 1127 1828 Γ
1130 1792 1215 1850 apros
1228 1771 1312 1850 rogor
1324 1769 1485 1854 ἕχων,κιιι
1498 1770 1547 1834 ἐπι
1564 1785 1690 1858 reomao
1710 1775 1820 1850 ὀϊστον,

253 1889 343 1929 mum
366 1887 404 1930 sc
421 1867 620 1951 singularem
637 1873 714 1934 olim
727 1871 814 1934 edidi
830 1875 867 1951 e).
889 1873 950 1932 Est
966 1870 1020 1931 hie
1099 1870 1201 1931 deeras
1212 1871 1468 1949 narrandarum
1487 1877 1622 1946 daleam
1637 1873 1750 1947 ἕσικως.

253 1969 486 2052 antiquissimis
510 1970 636 2060 insulae
662 1974 901 2049 accensendus,
924 1991 1020 2033 ensus
1114 1965 1121 1972 ’
1168 1973 1176 1982 ’
1257 1977 1401 2038 illooero
1420 1979 1572 2037 obscurae
1596 1980 1683 2037 nocti
1704 1981 1821 2040 similia

253 2089 298 2130 eo
328 2082 494 2151 tempore,
525 2092 589 2154 quo
619 2072 775 2137 dialectus
798 2076 903 2136 adhue
924 2070 1022 2134 Dori·
1101 2077 1227 2136 Nudum
1264 2093 1373 2135 orcum
1401 2077 1539 2150 indens,
1569 2087 1603 2137 et
1628 2079 1674 2136 od
1692 2097 1821 2139 nervom

254 2191 292 2233 oa
322 2171 434 2235 valuit.
468 2171 606 2232 Thasios
636 2185 743 2235 autern
777 2155 880 2251 fuisse
901 2175 1020 2246 Borea,
1554 2179 1721 2256 soya'ttam,

255 2271 355 2335 tradit
378 2271 511 2346 Strabo,
538 2273 595 2356 qui
617 2274 780 2337 conditam
804 2275 947 2337 Thasum
969 2291 1022 2334 re·
1103 2282 1237 2338 Turnum
1251 2287 1350 2351 tomes,
1373 2295 1493 2354 semper
1510 2279 1820 2354 ejaculantiaimilia.

255 2372 324 2434 iert
354 2395 370 2433 a
392 2369 496 2433 Pariis
518 2371 692 2453 insulanis3
716 2375 774 2437 sed
796 2375 831 2434 hi
853 2375 915 2460 ipsi
937 2387 1021 2437 teste
1098 2379 1226 2438 Literas
1243 2375 1332 2436 numi
1353 2375 1471 2456 prioris
1487 2373 1559 2440 ΒΑ.
1576 2390 1609 2438 et
1632 2371 1701 2440 ΓΟ.
1720 2375 1822 2458 expli·

256 2474 424 2556 Stephano
466 2469 562 2533 fuere
601 2473 710 2535 coloni
748 2493 791 2536 ex
820 2474 958 2540 Arcadia
988 2488 1023 2536 et
1058 2497 1212 2539 carenon
1233 2489 1336 2539 tento.

255 2577 355 2638 Creta
372 2571 506 2653 egressi,
525 2593 603 2655 quas
619 2587 723 2636 terras
743 2576 850 2638 Dores
873 2589 1020 2638 tenuere.
1374 2623 1392 2660 ᾖ
1435 2577 1469 2662 *Ι
1495 2622 1514 2660 4

298 2673 421 2734 Bacchi
455 2684 489 2733 et
520 2673 675 2736 Herculis
711 2675 871 2760 imagines
907 2675 1021 2739 obviae
1102 2685 1201 2761 Caput
1231 2683 1380 2746 Herculis
1412 2682 1548 2741 imberba
1571 2682 1672 2740 leonia
1694 2681 1822 2740 exuviis

256 2779 289 2835 io
324 2775 425 2836 'l'hasi
454 2788 592 2837 moneta.
624 2777 746 2840 Bacchi
776 2777 900 2839 cultum
922 2777 1023 2838 suasit
1058 2793 1183 2844 tectum.
1210 2776 1234 2838 ἲ
1257 2773 1450 2840 ΘΑΣΙΟΝ.
1475 2775 1663 2839 ΗΠΕΙΡΟ.
1700 2782 1821 2853 Trsiosss,

256 2877 452 2940 excellentia
481 2875 548 2936 vini
570 2867 699 2954 Thasii,
732 2879 839 2962 magni
861 2871 947 2939 inter
967 2895 1022 2942 ve·
1058 2876 1618 2955 humidioto.AV.lll.(Pollerio.)

255 2995 347 3040 teres
376 2992 511 3060 potores
540 2979 691 3042 nominis.
723 2979 879 3044 Herculis
915 2978 1021 3041 cultus
1099 2979 1378 3044 Numuseximius
1404 2998 1477 3038 curn
1498 2998 1514 3037 a
1535 2977 1667 3041 metallo
1691 2991 1725 3038 et
1750 2995 1822 3039 eru-

256 3081 292 3140 iu
322 3080 382 3140 hae
413 3079 518 3139 insula
548 3093 692 3142 vetustus
719 3079 798 3156 fuit,
820 3101 895 3143 nam
916 3079 1023 3139 Phoe·
1059 3083 1202 3156 ditione,
1225 3095 1293 3142 tum
1311 3077 1398 3165 quod
1412 3077 1569 3140 haetenus
1591 3075 1716 3140 unicus.
1740 3079 1825 3140 'rha-

255 3182 350 3243 nioes
378 3179 409 3239 ei
439 3179 485 3239 ibi
510 3181 661 3243 statuisse
677 3181 861 3261 templum,
885 3199 960 3242 oum
981 3177 1021 3240 ad
1058 3183 1097 3245 aii
1122 3201 1188 3243 nou
1218 3181 1316 3242 modo
1343 3181 1376 3240 in
1398 3180 1468 3260 ipsa
1489 3179 1593 3241 insula
1616 3179 1732 3242 diuites
1756 3181 1825 3242 auri

255 3277 476 3365 quaerendam
489 3283 650 3366 Europam
671 3283 796 3366 egressi
808 3293 927 3356 essent,
950 3299 1022 3342 usr-
1055 3283 1184 3372 fodinas
1218 3295 1384 3355 tenuero,
1423 3294 1460 3342 ut
1495 3297 1606 3344 narrat
1634 3281 1823 3344 Herodotus

255 3391 307 3442 rat
336 3379 543 3456 Herodotus,
572 3383 628 3465 qui
656 3397 688 3444 et
715 3381 818 3460 addit,
842 3381 923 3464 Tyri
944 3401 1022 3468 quo·
1055 3381 1276 3464 ἅῑποπτηςδ),
1309 3401 1392 3466 quaa
1422 3399 1518 3443 eausa
1547 3379 1631 3458 fuit,
1663 3403 1721 3446 our
1743 3383 1822 3446 olim

256 3501 320 3566 que
343 3483 471 3544 stetisse
495 3470 651 3565 templum
667 3483 806 3547 Heronli
831 3483 952 3546 Thasio
974 3503 1021 3545 sa·
1058 3485 1224 3548 diceretur
1246 3499 1346 3566 χρυση
1362 3500 1467 3571 grear,
1490 3503 1591 3544 aureo
1609 3486 1717 3544 insula
1738 3497 1822 3545 teste

256 3601 348 3645 orum
366 3577 406 3660 ἃ).
436 3571 621 3646 Harduinus
642 3584 749 3648 virum
768 3584 854 3646 huno
877 3579 1021 3667 genolla-
1055 3586 1227 3649 Euststhio
1252 3581 1292 3665 ἰ),
1315 3600 1430 3648 verum
1447 3595 1481 3644 at
1498 3581 1722 3666 opulentiores
1744 3584 1824 3646 alias

255 3703 350 3758 xum,
373 3696 407 3745 et
429 3705 540 3747 areum
564 3682 751 3746 tendentem
767 3685 892 3747 Persen
906 3683 1021 3745 Persei
1055 3687 1089 3747 in
1119 3689 1310 3752 continente
1341 3683 1529 3757 Thraciae,
1567 3705 1702 3770 quarum
1739 3705 1821 3746 unae

257 3783 296 3845 F.
317 3795 427 3866 putat,
451 3785 545 3846 nixus
559 3777 706 3846 Pollnois
724 3785 927 3860 testimonio,
949 3804 1022 3845 nar·
1055 3786 1151 3852 fuera
1170 3787 1382 3873 Soaptesylae
1405 3805 1423 3845 e
1445 3783 1582 3866 regione
1607 3783 1706 3846 Thasi
1738 3787 1823 3867 posi·

255 3885 376 3960 rantis,
401 3883 537 3954 Thasios
559 3886 646 3950 huno
671 3887 809 3950 heroem
834 3885 868 3946 in
891 3898 1022 3949 moneta
1057 3900 1121 3964 tae,
1144 3888 1230 3952 unde
1248 3889 1421 3950 immensas
1438 3902 1517 3966 opes
1532 3883 1669 3946 traxisse
1684 3883 1822 3946 Thasios

259 3987 404 4069 signasse
422 3988 471 4064 ²),
498 4009 580 4074 qnae
602 3989 713 4071 opinio
734 3989 863 4069 juvatur
884 3987 1026 4050 auetori-
1058 3986 1176 4051 eodem
1210 3987 1286 4053 loeo
1323 3984 1423 4049 tradit
1449 3983 1666 4059 Herodotus,
1700 3986 1822 4048 alterae

256 4101 322 4150 tate
352 4089 453 4150 Plinii
483 4089 629 4152 docentis
654 4087 676 4172 ί)
704 4093 822 4154 Persas
850 4089 1023 4173 sagittandi
1057 4090 1177 4151 Datum
1205 4107 1309 4173 prope
1334 4087 1539 4164 Strymonem
1569 4085 1608 4147 ab
1637 4085 1715 4169 ipsis
1739 4087 1823 4147 Tha·

257 4204 361 4253 artem
389 4190 430 4252 ub
460 4191 577 4254 eodem
600 4194 702 4255 Perse
725 4193 869 4258 edoctos.
897 4195 1021 4261 Verum
1059 4189 1114 4252 siis
1131 4188 1299 4252 eonditum
1317 4185 1467 4249 deductis
1485 4205 1526 4249 ee
1543 4169 1681 4262 coluriis,
1698 4199 1732 4247 ut
1749 4207 1822 4270 par·

256 4312 330 4354 eum
353 4292 516 4357 Hercules
539 4293 572 4354 in
598 4293 732 4357 aliarum
746 4313 878 4378 quoque
892 4293 1021 4359 urbium
1058 4289 1151 4352 hibet
1166 4289 1355 4354 Eustathius
1369 4285 1421 4372 ¹¹),
1444 4287 1532 4376 quod
1546 4286 1684 4350 subinde
1699 4289 1823 4370 Philip·

271 4549 276 4556 ·
369 4525 399 4594 a)
419 4521 691 4606 Numam-di.
779 4521 810 4594 d)
824 4525 855 4581 L.
869 4519 905 4580 11.
922 4543 947 4581 c.
963 4523 1010 4585 44.
1097 4519 1448 4593 e)0uom.1,.1xsc.o.
1541 4517 1610 4591 01..
1627 4517 1691 4580 Vll.
1709 4537 1740 4593 p.
1756 4521 1819 4580 415.

264 4619 292 4691 s)
314 4607 376 4674 Od.
393 4611 443 4678 A.
458 4621 520 4676 605ι
609 4613 642 4684 h)
656 4611 691 4676 1..
705 4611 755 4674 Vl.
774 4617 931 4690 ute-lt.
1026 4610 1050 4682 t)
1067 4607 1106 4669 ad
1119 4608 1240 4688 Dionys.
1256 4628 1282 4667 v.
1295 4617 1359 4674 ⁵17.
1441 4603 1552 4682 u)1,'0‚
