4270 5488
328 598 397 664 ιιι
783 533 1436 647 ιιιιιειιιοιιιοιιιιι.

325 753 508 820 redimitum
529 767 647 811 corono
662 749 802 810 incertae
814 747 964 809 rationis.
978 741 1002 804 z
1014 739 1093 818 BA·
1117 701 1169 806 'ad
1194 727 1277 809 haec
1298 741 1532 824 corymhorum
1548 742 1652 807 multo
1671 743 1735 810 alia
1757 763 1808 814 eat
1829 751 1899 816 lor·

324 839 1087 944 ZIAEstZ.AN'l'lI'ONOTduaeriptmopro-
1127 865 1197 922 ma,
1219 855 1321 929 qoem'
1336 863 1419 930 quae
1444 846 1478 906 iu
1500 843 1535 907 id
1558 865 1662 930 genua
1683 841 1791 916 numia
1806 851 1898 916 exhi.

325 975 382 1016 rae
409 956 523 1028 navia,
553 953 608 1012 coi
636 950 755 1010 inridet
784 949 900 1028 Apollo
930 954 1034 1012 nudate
1056 953 1088 1016 d.
1125 944 1233 1011 betur.
1256 951 1299 1008 At
1321 947 1409 1010 enim
1426 946 1503 1010 eatia
1525 963 1674 1030 apparet,
1696 951 1803 1016 virum
1823 973 1898 1016 cru·

211 1088 222 1120 ι
323 1075 432 1118 orcum
449 1053 680 1133 praetendere,
702 1050 737 1110 io
762 1051 827 1134 imo
841 1069 1088 1131 monoprommo·
1126 1045 1228 1109 ditum
1256 1045 1358 1112 fuiaae
1385 1071 1405 1112 a
1426 1049 1703 1114 Wiuckelmauno
1729 1054 1764 1116 in
1788 1041 1898 1137 parter

323 1149 827 1233 att.1.(uaa.0aea.1)utena)
866 1209 870 1221 ,
1127 1160 1276 1214 tractum.
1305 1151 1427 1213 Hicin
1451 1171 1511 1215 auo
1536 1170 1634 1238 caput
1666 1155 1774 1218 Pauca
1805 1154 1897 1232 vidit,

367 1260 469 1336 Caput
486 1255 591 1316 aimila
613 1271 733 1314 corono
759 1255 935 1315 tederaaea
962 1253 1091 1314 redimi·
1127 1248 1185 1312 aod
1201 1265 1515 1338 argumenta„qnae
1540 1252 1667 1333 adfert,
1696 1269 1752 1319 aut
1768 1251 1895 1331 faliunt,

322 1353 443 1420 tami
469 1359 590 1419 Eodem
613 1373 746 1428 avora,
771 1356 830 1413 aed
846 1363 1015 1432 praetereo
1032 1371 1090 1430 po·
1126 1363 1180 1414 aut
1202 1351 1284 1412 nihil
1307 1352 1897 1438 probantu).1t0vi,coroaamhe-

322 1477 362 1520 ne
381 1457 563 1536 Apollinem
585 1456 705 1516 trident
725 1455 805 1514 navt
820 1456 954 1533 infirm,
972 1455 1008 1514 io
1025 1457 1089 1515 imo
1126 1451 1298 1517 deraceam
1329 1454 1412 1518 Pani
1443 1476 1574 1542 quoque
1603 1471 1821 1542 competere,
1861 1471 1898 1521 ut

321 1561 497 1638 delphinor.
519 1552 1091 1635 AR.1.(WinatatmannAnmerlc
1127 1568 1217 1636 patet
1245 1575 1287 1618 ex
1313 1556 1419 1618 numia
1446 1558 1673 1640 Pariticapaei,
1702 1559 1763 1621 aed
1784 1571 1895 1623 certae

320 1659 356 1724 ἱιι
369 1659 479 1722 fronte
495 1655 634 1741 operia.)
701 1690 705 1698 ·
1126 1655 1233 1718 Pauor
1269 1655 1428 1740 imagine·
1455 1671 1559 1724 cornu·
1584 1660 1683 1745 capiti
1707 1659 1896 1751 aderitunnt,

319 1813 322 1820 .
364 1763 508 1852 Numam
542 1757 683 1842 primum
719 1773 855 1824 aureum
886 1755 926 1818 ab
956 1757 1091 1841 Antigo-
1127 1767 1181 1816 aut
1203 1775 1299 1818 auree
1327 1759 1516 1842 porrigunt,
1540 1761 1704 1825 utvidere
1723 1761 1821 1824 ertio
1839 1781 1898 1824 nu·

320 1879 365 1925 uo
390 1880 503 1924 cuaum
526 1859 704 1923 secundum
726 1857 897 1941 exemplar
917 1879 1090 1930 rumorum
1127 1855 1188 1917 mie
1223 1858 1403 1935 Arcadum,
1432 1873 1467 1924 et
1493 1859 1611 1925 horum
1636 1862 1726 1926 urbia
1749 1863 1897 1945 Megalo·

322 1983 499 2027 aureorum
524 1958 704 2024 Alexandri
731 1957 792 2034 ld,
830 1957 973 2027 intuenti·
991 1975 1089 2042 patet.
1124 1957 1258 2052 polece,
1280 1957 1437 2045 Antigoni
1456 1963 1483 2027 Ι.
1506 1960 1672 2040 Gonatae,
1693 1963 1808 2026 Pellae
1829 1967 1898 2028 hia·

320 2061 577 2128 Pluribuaiatud
595 2061 730 2146 regibus
747 2057 927 2144 placuisse,
950 2059 1091 2124 diximus
1125 2053 1291 2137 coloniae,
1306 2061 1514 2144 Panticapaei
1529 2075 1593 2128 etc
1616 2065 1710 2148 Ergo
1724 2083 1796 2128 cum
1813 2063 1895 2128 deca

320 2166 355 2228 in
377 2163 448 2246 ejus
467 2163 557 2247 ragis
579 2163 697 2228 numi·
932 2220 936 2226 ,
1125 2157 1192 2221 acia
1216 2159 1411 2247 plerumque
1433 2161 1620 2228 discernant
1637 2163 1802 2242 attributa,
1819 2142 1898 2228 ιιιιιι-

364 2265 548 2350 Sequeutee
578 2263 728 2348 argentei
749 2265 843 2348 plura
863 2263 1007 2328 offerunt
1032 2263 1090 2327 ob·
1125 2260 1195 2324 lem
1210 2260 1322 2327 dicere
1339 2263 1505 2344 Bacchum
1521 2280 1658 2352 propter
1676 2265 1844 2342 hederam,
1862 2281 1896 2330 et

319 2380 453 2438 terratu
477 2364 584 2448 digna.
615 2365 720 2466 Caput
744 2364 970 2451 numiprioria
987 2363 1090 2430 Froe·
1126 2361 1271 2440 lodicum
1293 2378 1431 2450 propter
1454 2365 1617 2455 barbam,
1646 2387 1712 2454 quo
1737 2367 1836 2430 modo
1862 2379 1896 2431 et

319 2467 440 2534 lichiua
463 2487 537 2532 erae
553 2453 700 2552 Neptuni
720 2465 857 2534 cenauit.
867 2467 992 2540 Facile
1013 2489 1090 2532 ocu·
1123 2460 1289 2527 Bacchum
1320 2466 1497 2532 Indicum
1488 2490 1523 2530 ιιι
1548 2469 1655 2532 numia
1682 2469 1839 2546 Tarenti,
1861 2485 1896 2532 et

319 2569 426 2636 centio
455 2587 531 2636 cum
560 2569 632 2633 viro
654 2569 784 2634 erudito
806 2584 943 2655 propter
965 2569 1088 2632 cultum
1123 2564 1208 2626 Naxi
1229 2559 1361 2630 Siciliae
1382 2567 1507 2634 hedera
1529 2567 1718 2634 redimitum
1736 2569 1894 2636 videmus.

320 2671 434 2756 capitit
454 2669 686 2748 horridiorem,
711 2671 768 2756 qni
791 2672 891 2756 vulgo
909 2671 1008 2734 trihui
1025 2674 1089 2734 Ne·
1123 2667 1249 2730 Firmat
1275 2669 1468 2733 sententiam
1494 2671 1721 2750 Herodienua,
1743 2671 1801 2758 qui
1822 2691 1896 2736 nar·

317 2787 420 2860 ptuno
459 2772 651 2849 consuerit,
686 2771 841 2835 nimirum
869 2772 1018 2857 appoaite
1047 2771 1088 2834 ad
1123 2784 1174 2833 rat
1196 2770 1251 2852 ¹¹),
1279 2770 1367 2834 hune
1393 2771 1500 2854 iprum
1531 2773 1731 2858 Antigonum
1752 2770 1895 2837 Διιιυσιι

318 2875 417 2939 maria
442 2875 593 2939 indomiti
614 2874 793 2951 ferociam,
820 2873 874 2938 cui
903 2874 1087 2962 imperavit,
1122 2891 1221 2932 narro
1240 2891 1411 2994 pepapoor,
1432 2895 1483 2934 και
1503 2890 1608 2937 urerer
1628 2897 1682 2958 μιν
1700 2877 1895 2958 meccedem

320 2977 406 3042 nude
425 2991 458 3040 et
474 2977 579 3040 omnia
594 2975 663 3060 ejue
687 2974 832 3041 acholea
841 2997 956 3052 roera,
978 2991 1088 3064 trocu·
1121 2993 1141 3033 τ
1144 2973 1325 3070 κιφαλῃ’
1306 2995 1372 3038 aare
1393 2991 1519 3050 revocas
1538 2999 1588 3037 aar
1607 2969 1801 3059 deudaparer
1814 2971 1895 3038 Ma·

317 3077 425 3152 lenta,
449 3077 664 3164 inhospitalis.
692 3078 770 3142 Rite
796 3081 895 3144 etiam
916 3054 1087 3163 Neptuuue
1123 3019 1276 3153 ardenae,
1305 3078 1414 3157 horror
1443 3065 1526 3138 δι’
1506 3101 1573 3140 ωτι
1600 3096 1736 3160 exorreo
1756 3089 1894 3159 pererro,

318 3197 393 3242 cum
423 3198 537 3244 averae
566 3178 790 3272 connectitur,
812 3178 923 3263 cujua,
947 3196 983 3245 ut
1004 3179 1092 3245 dice·
1125 3184 1317 3244 Bereiaros
1302 3201 1338 3244 ro
1360 3182 1506 3244 omnibus
1531 3183 1693 3244 imitatem
1711 3183 1815 3258 copiti
1831 3202 1895 3261 pro

318 3293 391 3356 tur,
419 3291 515 3362 typua
545 3278 587 3342 ad
613 3277 784 3344 victoriam
812 3279 1005 3346 maritimam
1036 3282 1239 3346 adouacrio
1280 3291 1313 3344 ee
1339 3285 1521 3371 diedemate
1557 3284 1762 3349 Macedonico
1795 3285 1895 3362 impo-

318 3379 414 3446 iudit.
436 3377 638 3443 Confirmant
662 3377 751 3442 iatud
774 3379 866 3442 numi
888 3377 951 3444 filii
970 3385 1090 3446 Deme·
1124 3387 1228 3447 mirae
1258 3385 1420 3459 hederam,
1448 3363 1482 3446 et
1513 3386 1656 3469 thyrsum
1678 3403 1740 3461 pro
1770 3391 1893 3463 aceptro

321 3482 392 3560 rrii,
415 3478 531 3544 cimilia
552 3483 704 3568 utrinque
729 3484 914 3567 argumenti
933 3484 967 3548 et
987 3484 1090 3568 expli·
1123 3495 1274 3567 perluere.
1318 3485 1406 3567 Ergo
1435 3503 1510 3548 cum
1539 3498 1607 3547 tum
1628 3484 1774 3548 nondum
1795 3497 1894 3569 caput

319 3597 430 3660 outre,
453 3581 516 3644 niei
536 3581 625 3669 quod
644 3584 678 3646 in
696 3581 748 3646 hia
768 3603 837 3646 nou
851 3598 947 3668 caput
964 3598 1088 3649 tantum
1123 3606 1219 3649 enum
1245 3586 1394 3650 interere
1423 3585 1530 3651 numia
1561 3585 1718 3662 auderet,
1740 3575 1829 3672 qnod
1850 3584 1892 3648 ah

318 3675 468 3769 Neptuni
491 3699 557 3763 eut,
582 3683 641 3748 aed
660 3699 746 3750 totue
763 3686 835 3768 ipae
852 3701 949 3764 staua,
977 3701 1012 3750 et
1032 3687 1090 3750 tri·
1127 3683 1303 3748 Alexandri
1339 3686 1585 3750 aucceaaorihna
1623 3687 1728 3750 cerina
1756 3685 1893 3762 factum,

317 3787 451 3850 dentem
480 3784 684 3872 intorquens.
720 3784 866 3868 Corona,
896 3804 959 3876 qua
991 3803 1089 3874 caput
1123 3785 1269 3865 Bacchi,
1306 3805 1403 3871 quem
1439 3789 1615 3874 praecipua
1651 3787 1895 3870 obaerraverat,
1975 3857 1989 3878 ³

317 3877 655 3964 redimitur,·t²idetnr
675 3909 749 3954 erae
771 3909 813 3954 ex
834 3889 956 3954 herbae
983 3891 1090 3975 cujur-
1123 3902 1221 3974 caput
1240 3889 1360 3965 intulit,
1383 3903 1417 3954 et
1438 3889 1572 3977 quidem
1593 3889 1707 3970 indici,
1729 3910 1804 3974 nam
1821 3910 1894 3978 epe·

318 3991 393 4055 dam
418 3989 562 4055 marinae
582 4011 717 4078 geuene.
747 3992 926 4056 Dutenaina
953 4004 1087 4064 couter-
1121 3991 1215 4068 ravit,
1233 3992 1410 4077 praecipue
1429 4006 1503 4078 port
1520 3995 1682 4078 inaignem
1698 3992 1738 4059 ad
1749 3981 1893 4080 Cyprum

278 4076 283 4089 ⁸
318 4107 384 4158 tem
415 4111 458 4156 ex
484 4093 648 4175 corymbis
677 4093 1010 4179 putat,'reruur.nbi
1032 4115 1088 4160 co·
1122 4093 1290 4160 victoriam
1318 4095 1484 4174 narnien,
1515 4115 1692 4160 ae·omnee
1710 4095 1819 4162 aocioe
1839 4113 1894 4158 re·

317 4197 447 4285 rymbi‘,
475 4196 523 4260 ibi
546 4193 694 4258 hederae
723 4191 820 4272 folia,
842 4208 877 4258 nt
897 4195 1018 4282 partim
1042 4196 1088 4258 vi·
1123 4217 1181 4282 gea
1211 4195 1453 4260 debellaturum
1478 4199 1631 4284 exemplo
1653 4196 1776 4262 Bacchi
1795 4193 1822 4260 'a
1845 4193 1893 4262 vi·

319 4303 400 4368 dere
425 4311 476 4362 eet
498 4296 533 4358 in
552 4295 658 4359 numia
682 4295 899 4382 ciatophoria,
933 4311 967 4361 et
989 4289 1086 4377 alihi;
1123 4299 1236 4365 ctoriia
1253 4295 1374 4364 Indicia
1392 4298 1564 4365 celebrati.

441 4609 482 4683 ιιι)
501 4605 524 4670 Ι.
538 4627 566 4668 c.
582 4625 650 4687 pag·
668 4613 713 4672 99.
800 4611 832 4683 ²¹)
848 4608 1086 4695 incommodo„
