4296 5494
324 601 371 666 20
908 574 1277 650 THRAGlA.

325 757 401 818 tiam
424 772 461 816 ac
483 769 563 832 opes
584 750 617 812 in
639 750 726 813 huuc
752 747 838 811 diem
857 759 1015 810 testantur
1030 764 1087 810 nu·
1123 746 1305 810 nuntiorum
1337 760 1510 830 sumptus,
1540 748 1596 830 qui
1627 749 1764 836 singulis
1794 751 1886 814 annis

325 857 369 920 mi
390 856 581 937 frequentes
604 852 693 914 aurei
710 851 923 934 argenteique
939 849 1087 932 pondere
1122 850 1267 931 legatum
1297 853 1435 910 Romam
1475 849 1629 914 miserant
1665 851 1705 914 ad
1748 853 1887 915 salutan-

324 979 383 1021 suo
416 954 594 1040 conspicui.
625 953 676 1016 Ab
708 953 778 1033 ejus
809 964 915 1012 morte
946 950 1086 1013 Thracia
1123 949 1200 1010 duur
1214 949 1408 1034 principem,
1424 949 1512 1011 unde
1526 952 1638 1036 colligi
1654 954 1887 1034 posset,'l'hru·

324 1065 466 1124 lacerata
490 1081 507 1118 a
529 1055 632 1120 Gallis
653 1052 802 1128 advenis,
827 1049 964 1114 subinde
988 1071 1086 1134 reges
1124 1054 1205 1115 ciam
1229 1065 1298 1114 tum
1324 1051 1383 1112 sub
1401 1052 1572 1134 Bithyniae
1589 1069 1721 1117 rectore
1746 1056 1886 1129 stetisse,

324 1166 441 1228 iterum
468 1157 654 1243 indigenas,
683 1169 779 1238 utque
798 1153 858 1215 hos
875 1151 1005 1214 demum
1024 1155 1089 1216 Ro·
1125 1154 1200 1238 quia
1232 1165 1299 1214 tum
1326 1153 1452 1214 Plinius
1471 1153 1657 1232 Bithyniam
1682 1159 1886 1224 cumPonto
2000 1183 2005 1194 ·

325 1264 428 1329 manis
449 1259 611 1322 obnoxios
637 1254 775 1328 habuit,
808 1254 883 1316 dum
910 1253 950 1316 sb
979 1255 1029 1315 his
1055 1256 1087 1317 in
1125 1254 1220 1317 rexit.
1245 1256 1285 1316 At
1302 1252 1389 1315 enim
1406 1255 1586 1318 verisimile
1601 1254 1887 1329 est,Pliniumnon

210 1377 213 1382 '
323 1363 526 1450 provinciam
551 1358 770 1441 redigeretur.
801 1355 876 1450 Quo
901 1355 988 1418 istud
1010 1368 1088 1416 tem·
1125 1368 1287 1437 potestate
1324 1353 1488 1418 ordinaria
1525 1357 1653 1419 rexisse
1691 1356 1887 1439 Bithyniam,

324 1485 406 1550 pore
432 1457 624 1545 contigerit,
647 1473 740 1522 retus
765 1473 816 1520 est
839 1456 1089 1518 intereruditos
1126 1454 1185 1516 sed
1214 1453 1367 1538 legatum
1391 1469 1551 1538 potestate
1582 1458 1839 1522 extraordinaria
1869 1481 1888 1522 a

325 1563 504 1628 dissidium.
543 1559 609 1624 Alii
637 1561 757 1622 lactum
788 1557 874 1622 istud
906 1558 1086 1620 aclaudio
1125 1555 1264 1638 Trajano
1285 1558 1326 1619 ad
1352 1557 1590 1640 inspiciendum
1616 1559 1746 1623 urbium
1772 1571 1888 1623 statum

324 1679 484 1739 statuunt,
508 1665 612 1726 secuti
627 1661 758 1726 Eusebii
773 1659 978 1731 Chronicon,
1002 1659 1087 1742 ejus·
1122 1657 1203 1720 illuc
1222 1659 1373 1736 missum,
1397 1674 1433 1721 ut
1451 1659 1580 1724 dicetur
1595 1660 1627 1722 in
1645 1661 1889 1744 prolegomenis

324 1787 388 1849 que
412 1767 575 1830 adseclam
599 1763 811 1844 Syncellum,
842 1759 897 1823 alii
921 1782 937 1820 a
964 1763 1087 1843 Vespa·
1123 1759 1164 1821 ad
1192 1781 1309 1824 numos
1339 1761 1523 1843 Bithyniae.
1563 1762 1674 1853 Quare
1701 1761 1776 1824 lieri
1799 1775 1889 1843 pote·

324 1871 441 1943 siano,
470 1868 545 1951 quis
572 1863 612 1924 de
641 1864 704 1924 hoc
737 1862 931 1930 Suetonius:
961 1859 982 1945 i)
1011 1867 1087 1926 item
1122 1874 1190 1935 rat,
1214 1873 1249 1923 ut
1267 1862 1338 1944 ejus
1354 1863 1528 1944 imperium
1546 1863 1587 1924 ad
1601 1863 1774 1926 nonnullas
1791 1862 1887 1924 etiam

269 1961 271 1968 ’
327 1972 518 2041 Thraciam,
551 1967 720 2038 Ciliciam,
741 1974 774 2024 et
796 1965 1023 2046 Commopenen
1041 1970 1090 2026 di·
1126 1962 1286 2026 Thraciae
1312 1964 1410 2025 urbes
1426 1979 1492 2024 tum
1508 1965 1702 2048 pertineret.
1726 1963 1795 2026 Sub
1811 1967 1889 2026 Tra·

324 2073 425 2132 tionis
450 2069 561 2145 rapias
583 2085 682 2148 napae
703 2069 749 2124 ad
761 2067 799 2124 id
811 2071 1002 2144 tempur,in
1015 2087 1088 2146 pro·
1121 2063 1198 2146 jano
1223 2077 1256 2126 et
1273 2065 1439 2126 Hadriano
1462 2065 1612 2128 conditae
1629 2067 1746 2139 urbes,
1772 2087 1790 2125 a
1814 2085 1890 2127 con-

323 2171 503 2230 vinctorem
520 2169 662 2246 formam
687 2167 829 2245 redegit,
851 2165 908 2228 sed
928 2187 992 2249 quo
1012 2168 1086 2229 loco
1126 2165 1305 2242 ditorihns,
1337 2186 1517 2250 eorumque
1539 2167 1662 2228 familia
1687 2187 1808 2230 nomen
1837 2189 1892 2230 ua·

325 2289 390 2330 non
425 2267 520 2350 pauci
550 2266 612 2328 riri
635 2279 838 2348 praestantes
861 2288 922 2350 pro
959 2271 1087 2330 Thraci·
1125 2279 1216 2343 ctae,
1246 2280 1282 2330 ut
1302 2267 1546 2350 Trajauopolis,
1568 2268 1803 2352 Plotinopolis,
1826 2269 1891 2330 Ha·

240 2399 241 2404 ¹
270 2427 277 2438 ,
326 2392 404 2446 rim,
442 2371 603 2443 Ciliciam,
632 2366 808 2450 legendum
839 2380 972 2449 putant:
1012 2373 1084 2431 llo·
1124 2366 1343 2451 drianopolis',
1365 2389 1448 2452 qnae
1471 2369 1891 2453 ossentpraesidioadrcr·

325 2477 433 2534 cheam
451 2472 615 2544 Ciliciam,
636 2489 709 2529 nam
724 2481 860 2542 constat,
878 2467 1023 2530 Ciliciam
1043 2469 1090 2530 di·
1125 2490 1195 2530 sum
1217 2469 1387 2546 barbaros,
1411 2473 1475 2554 jam
1497 2483 1564 2531 tum
1586 2493 1605 2534 a
1628 2471 1761 2535 Boreali
1786 2485 1889 2536 tractu

327 2573 425 2634 visunt
450 2569 552 2632 fuisse
571 2569 604 2630 in
623 2571 869 2654 campestrem,
894 2585 926 2632 et
946 2572 1088 2632 'Psache-
1124 2571 1264 2654 imperio
1294 2571 1496 2635 metuendos.
1528 2572 1626 2634 Numi
1654 2574 1799 2654 Bisyae,
1830 2576 1890 2634 Pe·

326 2695 402 2750 am,
440 2672 508 2736 sive
539 2691 698 2754 asperam.
740 2674 780 2732 ht
819 2667 903 2734 enim
942 2671 1089 2734 Suetonii
1124 2673 1254 2750 rinthi,
1282 2671 1523 2756 Philippopolis
1546 2673 1606 2735 aab
1630 2675 1797 2758 Trajano,
1827 2675 1892 2736 Ha·

326 2781 502 2842 lectionem
520 2774 682 2856 vulgatam
709 2772 749 2834 de
774 2773 914 2836 Thracia
935 2772 1089 2854 aVaspa-
1127 2775 1270 2848 dadano,
1301 2765 1471 2835 Antonino
1497 2775 1566 2835 cusi
1594 2775 1722 2860 legatos
1752 2777 1892 2861 Augusti

326 2886 417 2944 siano
454 2881 487 2940 in
526 2874 727 2959 provinciam
756 2873 889 2937 redacta
921 2869 1091 2936 confirmat
1126 2895 1187 2958 pro
1219 2887 1372 2956 praetore
1402 2874 1601 2950 inscribunt,
1631 2877 1786 2940 nimirum
1818 2879 1892 2964 quie

329 3001 458 3067 quoque
481 2977 676 3060 Eutropius,
700 2975 1090 3058 ejusque-metaphrastes
1128 2975 1266 3038 'l'hracia
1287 2975 1349 3037 luit
1372 2976 1597 3060 Augustorum
1624 2979 1804 3063 provincia.
1836 2979 1893 3042 Di·

226 3165 228 3170 .
281 3137 284 3142 .
327 3085 473 3146 Graecus
493 3079 664 3142 Paeonius.
696 3076 780 3145 Vide
802 3079 843 3138 de
868 3075 928 3137 huc
946 3075 1004 3138 lite
1023 3076 1089 3158 plu·
1126 3090 1244 3140 cuntur
1271 3079 1305 3138 in
1331 3079 1437 3140 nuruis
1463 3079 1516 3141 vel
1539 3087 1715 3158 πρεσβευται
1737 3079 1892 3164 simplici·

327 3207 361 3245 ra
392 3184 423 3243 in
456 3177 659 3242 eruditorum
691 3179 731 3241 ad
762 3177 848 3240 hunc
871 3177 1020 3238 Suetonii
1042 3177 1090 3239 lo·
1125 3191 1193 3253 ter,
1215 3179 1269 3241 vel
1292 3183 1467 3256 resedentes
1484 3203 1533 3240 aas
1549 3177 1802 3264 durrcreerspyos.
1824 3182 1891 3243 Sed

328 3305 401 3347 cum
421 3281 672 3344 commentariis.
695 3278 883 3341 Eustathius
907 3277 940 3335 in
960 3278 1024 3338 suis
1049 3277 1090 3340 ad
1125 3279 1245 3343 factum
1271 3279 1330 3340 sub
1347 3282 1530 3358 Antonino,
1556 3297 1591 3344 ut
1617 3283 1772 3364 deinceps
1791 3282 1892 3345 Thra·

327 3383 520 3462 Dionysium
546 3381 633 3444 notis
654 3379 702 3441 bis
725 3393 836 3440 narrat
858 3378 1089 3458 Vespasianum
1127 3381 1197 3443 ciae
1225 3394 1375 3445 rectores
1399 3405 1468 3446 non
1491 3383 1631 3466 amplius
1653 3390 1828 3463 resciscam
1856 3381 1890 3442 in

329 3487 500 3548 Thraciam
525 3482 565 3546 ab
584 3483 717 3564 Europa
744 3498 911 3564 separasse
927 3474 968 3556 l¹).
992 3477 1090 3570 Quod
1125 3481 1232 3543 numia
1259 3497 1477 3562 vocarentur,
1501 3484 1560 3548 sed
1580 3483 1744 3573 ἦεγεμσνες,
1769 3487 1891 3566 praeri-

278 3619 285 3627 .
328 3582 446 3648 deinde
461 3583 561 3647 fuerit
575 3583 646 3668 ejus
664 3581 813 3666 regimen
830 3581 1009 3664 politicum,
1025 3601 1089 3642 non
1126 3585 1194 3642 des.
1229 3581 1425 3648 Vaillantius
1456 3583 1590 3672 quidem
1623 3588 1686 3672 jum
1712 3583 1889 3646 Domitiani

323 3689 404 3780 'satis
422 3701 556 3750 constat.
582 3681 837 3747 ScribitPlinius
854 3681 963 3763 junior
981 3679 1091 3762 ¹),By·
1127 3703 1259 3744 numum
1283 3685 1434 3750 Anchiali
1459 3691 1620 3775 signatum
1646 3685 1805 3772 prodidit,
1834 3687 1890 3770 qui

329 3789 452 3853 santius
471 3787 597 3850 misisse
614 3803 755 3847 annuum
777 3783 919 3866 legatum
944 3784 984 3845 ad
1004 3804 1090 3858 eum,
1128 3789 1187 3866 Ap.
1219 3783 1390 3850 Claudium
1421 3792 1604 3855 Martialem
1636 3787 1773 3874 ἠγεμανα
1803 3787 1890 3867 spel·

328 3894 384 3978 qui
401 3891 546 3954 Moesiae
567 3898 708 3970 praeest,
732 3882 861 3968 publice
877 3885 1089 3948 salutandum.
1126 3885 1190 3960 lat,
1213 3887 1271 3950 sed
1291 3911 1429 3966 vereor,
1453 3907 1488 3955 ut
1504 3893 1575 3976 ejus
1591 3891 1679 3954 numi
1702 3889 1890 3952 testimonio

328 3996 379 4058 Ex
394 4011 459 4075 qno
475 3987 595 4071 conjici
608 3998 726 4072 potest,
742 3983 914 4048 Thraciam
933 3999 999 4048 tum
1015 4005 1087 4046 cum
1126 3989 1204 4052 stari
1226 3991 1349 4073 possit,
1372 4013 1469 4078 quem
1496 3995 1524 4056 is
1549 4015 1590 4060 ex
1614 3994 1717 4057 Leon.
1740 3989 1890 4073 Augusti·

307 4089 568 4180 Meministine
584 4087 809 4172 conjunctam,
831 4099 867 4148 ut
893 4107 1008 4150 revers
1034 4085 1090 4150 do·
1118 4109 1170 4164 ,na
1192 4105 1326 4154 anctore
1349 4114 1416 4158 non
1446 4096 1523 4160 satis
1547 4097 1668 4158 idoneo
1688 4095 1776 4157 citat.
1799 4089 1886 4151 ldem

265 4181 273 4198 ⁴
330 4193 398 4258 cuit
419 4191 496 4268 Dio,
521 4189 696 4277 antiquitus
719 4187 804 4251 binis
828 4189 879 4251 vel
896 4189 997 4251 ternis
1016 4209 1091 4274 pro·
1126 4211 1260 4274 praeses
1296 4209 1401 4258 exstat
1432 4199 1465 4260 in
1496 4196 1583 4261 llinis
1605 4197 1712 4258 nuruis
1736 4190 1890 4258 seruisse

330 4295 444 4360 vinciis
457 4313 557 4356 unum
573 4291 754 4377 praefuisse
773 4296 820 4370 ¹²¹).
844 4295 880 4356 ln
895 4290 1008 4355 eadem
1023 4292 1091 4376 epi·
1127 4293 1232 4356 musei
1249 4295 1420 4376 Caesarei,
1446 4300 1504 4363 sed
1523 4319 1598 4364 cum
1619 4295 1724 4382 capite
1741 4295 1780 4361 L.
1798 4293 1890 4358 Veri.

328 4399 414 4462 stols
437 4399 547 4459 nirr'at
569 4394 713 4471 Plinius,
741 4395 905 4460 coercitos
931 4417 948 4458 a
971 4415 1007 4459 se
1028 4397 1091 4478 By·
1126 4393 1194 4458 Cur
1229 4415 1311 4473 eos,
1343 4399 1400 4482 qui
1437 4413 1532 4464 autea
1562 4399 1641 4463 dicti
1672 4411 1747 4461 sunt
1779 4395 1892 4480 legati,

448 4607 562 4688 i)Csp.
582 4617 609 4675 8·
725 4607 758 4682 t)
776 4609 855 4668 adv.
872 4619 934 4675 27⁰.
950 4623 980 4670 et
994 4621 1057 4677 323.
1142 4606 1203 4684 '¹)
1220 4611 1252 4670 L.
1270 4611 1306 4668 X.
1324 4609 1409 4688 epist.
1427 4621 1472 4676 52.
1582 4611 1618 4684 m)
1634 4610 1654 4668 l.
1671 4591 1744 4671 hul.
1760 4611 1785 4681 t.
1801 4618 1846 4672 12.
