4270 5488
222 681 228 688 p
275 671 282 692 „
328 585 379 664 ao
693 681 700 698 Ι
772 573 965 648 anons
1016 570 1447 649 uacunotttar..

327 761 396 814 atro
418 744 581 810 Archelao
603 747 653 825 ²3:
678 743 859 812 Archelaus
882 767 942 810 rex
964 747 1098 830 garrulo
1135 746 1230 808 drutn
1252 765 1354 828 regna
1382 753 1568 804 tennerunt.
1595 740 1725 830 Adde,
1757 742 1846 828 qnod
1871 744 1907 804 in

326 850 472 924 tonsori,
494 869 568 912 oum
590 846 737 910 humeris
758 848 895 914 linteum
919 850 1099 912 circumda·
1135 845 1254 910 eodem
1285 847 1350 910 hoc
1380 865 1479 907 numo
1503 866 1568 910 non
1591 860 1687 930 caput
1709 857 1834 907 tantum
1854 864 1908 908 re·

238 953 245 965 “
328 965 407 1028 aet,
437 949 632 1033 quaerenti:
671 948 837 1034 quomodo
865 965 900 1014 te
929 949 1098 1014 tondebo?
1135 949 1185 1030 gis
1207 947 1422 1032 proponitur,
1454 967 1517 1012 een
1546 933 1579 1007 in
1602 947 1769 1032 argenteis
1789 948 1908 1008 horum

327 1054 405 1131 (πως
428 1069 466 1112 ua
487 1050 609 1132 κειρως)
640 1049 826 1134 respondit:
847 1047 1097 1135 'tacens..Ergo
1134 1068 1250 1130 regum
1277 1048 1362 1118 aliis,
1385 1049 1624 1134 sedprotome.
1655 1045 1721 1139 Qui
1743 1061 1849 1112 tantus
1870 1069 1909 1116 ac

328 1171 371 1216 ex
393 1153 444 1214 bis
467 1149 663 1216 testimoniis
688 1150 845 1214 habemus
868 1154 1033 1226 Graecos.
1067 1166 1101 1216 et
1135 1161 1185 1213 tot
1206 1151 1238 1212 in
1253 1143 1361 1214 eauaii
1376 1171 1394 1212 u
1408 1150 1545 1233 reliquis
1563 1149 1728 1212 dissensus
1745 1151 1909 1233 possetde

326 1254 479 1337 priuatim
496 1251 692 1318 Macedonas
713 1267 787 1316 ante
809 1253 1033 1316 Alexandrum
1054 1254 1099 1316 tt.
1136 1249 1206 1333 ejus
1222 1249 1389 1312 numidide
1409 1249 1542 1314 dubium
1557 1251 1705 1332 injicere,
1731 1254 1908 1337 praecipue

329 1355 447 1436 partim
472 1354 643 1429 barbatos,
673 1353 791 1438 partim
820 1353 1012 1431 imberbes,
1046 1367 1101 1416 aut
1136 1374 1210 1416 curn
1245 1354 1330 1416 alten
1366 1349 1482 1414 similia
1515 1351 1658 1414 nondum
1684 1353 1910 1436 promulgatus

329 1455 445 1518 saltem
477 1471 599 1520 tonsos.
633 1457 668 1518 ln
691 1455 815 1531 numia,
839 1476 921 1539 quos
944 1456 1100 1518 hacteuus
1137 1457 1197 1531 sit,
1227 1454 1290 1515 nisi
1311 1471 1385 1514 cuna
1407 1452 1555 1516 adcurati
1579 1453 1710 1534 Haymii
1735 1455 1911 1520 auotoritas

331 1555 542 1632 ottavianus,-
562 1556 709 1619 riroruna
745 1556 962 1620 Macedonum
994 1557 1102 1620 vultus
1139 1569 1300 1620 tueretur.
1336 1558 1491 1620 Ceterum
1513 1555 1726 1639 proposuisse
1748 1556 1830 1620 haec
1853 1555 1913 1618 du·

262 1689 284 1702 -
329 1671 396 1720 tarn
426 1669 501 1720 sunt
529 1655 721 1734 imberbes,
752 1677 848 1740 quam
879 1679 952 1722 esse
984 1658 1102 1734 solent,
1139 1657 1192 1720 bia
1217 1660 1293 1719 satia
1316 1670 1407 1732 esto,
1437 1659 1554 1722 relicta
1578 1656 1649 1720 aliis
1670 1655 1835 1738 judicandi
1857 1677 1915 1720 eu·

331 1777 413 1841 quos
443 1757 601 1820 novacula
630 1758 790 1840 pervasit,
828 1758 861 1820 in
900 1759 972 1821 solo
1000 1770 1103 1820 aeneo
1140 1780 1195 1834 ra,
1218 1759 1302 1821 sitne
1319 1756 1410 1820 iilum
1427 1757 1527 1835 illud,
1551 1777 1615 1841 quo
1630 1758 1662 1816 in
1680 1760 1845 1841 argenteis
1860 1779 1914 1821 ca-

330 1859 516 1940 Haymiano
548 1857 702 1920 Archelai
733 1870 829 1941 caput
861 1859 1002 1942 amplam
1033 1858 1103 1921 bar·
1140 1875 1198 1942 put
1216 1860 1306 1943 regia
1326 1859 1508 1938 redimitur,
1525 1879 1604 1926 vere
1621 1858 1768 1922 diadema
1783 1859 1911 1940 regium

331 1961 407 2022 bam
445 1956 622 2044 promittit,
654 1971 688 2019 ut
718 1956 800 2021 adeo
832 1959 866 2020 in
895 1959 956 2022 hac
985 1960 1105 2025 barbae
1141 1961 1341 2046 putandum,
1373 1980 1406 2027 et
1430 1963 1569 2026 fortasse
1597 1960 1792 2034 verisimile,
1816 1977 1915 2045 caput

333 2079 431 2124 causa
452 2076 560 2143 neque
583 2057 674 2118 numi
694 2053 859 2136 interae,
882 2080 990 2146 neque
1018 2075 1107 2126 uete-
1142 2065 1189 2125 aio
1208 2065 1390 2128 revinctum
1416 2079 1449 2126 et
1469 2062 1617 2125 imberbe
1641 2083 1714 2124 csse
1731 2064 1837 2143 potius
1854 2084 1916 2124 nu·

329 2180 407 2230 rum
426 2159 544 2222 dictatu
559 2158 762 2242 conspirent.
784 2159 835 2220 Ad
854 2158 1002 2224 diadema
1019 2161 1107 2245 quod
1144 2163 1239 2226 minis
1261 2165 1456 2248 cujuspiam.
1481 2187 1577 2250 quam
1592 2164 1691 2249 rogis.

333 2261 459 2336 attinet,
477 2259 658 2322 eommunia
682 2273 731 2322 est
747 2261 957 2345 antiquorum
972 2263 1108 2344 scripto·
1186 2271 1258 2330 Alt.
1280 2271 1370 2329 aar.
1394 2272 1467 2332 ΑΕ.
1489 2270 1607 2330 RRRR·

333 2383 409 2424 rum
426 2359 596 2436 doctrina,
618 2381 712 2445 qnam
736 2362 800 2444 jam
823 2362 914 2443 attigi
940 2363 973 2422 in
1000 2362 1108 2424 numia

333 2461 471 2524 Gelonis
501 2476 533 2524 et
560 2461 715 2524 Hieronis
740 2463 763 2523 l.
794 2463 1026 2544 Syracusarum
1057 2483 1109 2522 re.
1309 2445 1338 2500 Ρ
1357 2443 1391 2510 Α
1414 2441 1445 2500 V
1462 2440 1491 2500 S
1510 2442 1544 2499 Α
1565 2441 1601 2500 Ν
1617 2440 1636 2498 1
1656 2443 1689 2498 A
1708 2441 1746 2500 S·

335 2561 509 2648 gums'flb
539 2560 726 2624 Alssllffllffl
755 2566 801 2630 M·
838 2562 969 2654 dmum
1001 2562 1109 2626 (Ῑῑδᾶθ-
1187 2577 1291 2640 Filius
1325 2576 1463 2660 Aesopi,
1494 2577 1550 2662 qui
1579 2576 1740 2640 exstincta
1763 2575 1915 2639 Archelai

337 2663 433 2726 Μὴ
455 2683 547 2724 ”⁸⁰³¹
572 2661 674 2724 silim
697 2663 872 2726 inimum·
900 2666 944 2726 Al
968 2684 1031 2747 ‘1¹¹⁰
1057 2686 1110 2746 pa·
1146 2681 1248 2763 stirpe
1274 2698 1411 2761 regnunt
1435 2679 1618 2761 occupavit.
1643 2680 1668 2740 A
1692 2678 1798 2741 morte
1813 2678 1915 2761 patris

338 2779 392 2826 8l0
415 2763 498 2828 ltceo
521 2783 598 2826 Vim
612 2783 685 2826 9080
703 2776 821 2844 poledi,
840 2781 912 2825 dum
930 2763 993 2846 jfllli
1004 2766 1108 2848 Odplla
1146 2801 1262 2844 annum
1295 2799 1392 2840 unum
1418 2791 1534 2859 regnat
1558 2776 1705 2862 dejectus
1732 2781 1771 2841 pb
1798 2782 1914 2860 Amy..

336 2863 519 2940 Archelai,
557 2864 763 2938 P⁸¹¹⁸⁸¹¹l⁸0s
804 2877 839 2926 ⁰2
867 2867 1025 2946 Afflln'flfl
1054 2868 1109 2942 flu
1146 2898 1177 2944 ta
1201 2887 1253 2958 11„
1277 2881 1363 2966 quod
1387 2879 1507 2942 factum
1531 2879 1572 2944 V.
1595 2881 1630 2941 C.
1647 2878 1710 2942 360
1727 2879 1823 2942 tradit
1839 2881 1918 2941 Dio·

338 2965 394 3048 qui
426 2984 540 3027 ⁰¹¹¹¹¹⁹⁸
568 2963 791 3030 3¹⁰¹⁸¹¹dll¹m
814 2969 862 3032 M·
886 2987 1109 3051 Pl⁸0⁰⁶³⁸0l02
1148 2985 1247 3048 dorus
1268 2985 1316 3064 t).
1339 2983 1473 3061 Amynta
1491 2995 1620 3044 mortuo
1641 3001 1779 3066 regnum
1799 2982 1916 3044 iterum

321 3066 373 3153 stin
397 3069 504 3128 nuruis
528 3063 708 3132 diademata
734 3067 993 3150 conspiciamus?
1016 3071 1112 3132 Juvat
1148 3085 1271 3147 invadit
1297 3085 1326 3160 z)

340 3164 614 3240 animadvertere,
635 3165 795 3242 diadema,
811 3167 899 3250 quod
922 3189 1020 3252 reges
1037 3184 1112 3250 pout

341 3264 566 3328 Alexandrum
582 3267 626 3334 Ab
643 3279 774 3347 gestare
792 3283 866 3332 sunt
890 3251 995 3346 soliti,
1018 3271 1113 3334 latius
1414 3243 1449 3300 Ν
1466 3260 1487 3298 '¹
1509 3259 1540 3297 ’π
1561 3260 1583 3299 ”
1604 3260 1647 3298 ’·”

342 3366 445 3431 tuisse
468 3363 611 3448 ligamen
635 3367 669 3426 in
695 3367 835 3450 occipite
857 3368 889 3434 ln
911 3371 1030 3432 nodum
1047 3374 1115 3436 col·
1193 3382 1295 3456 Caput
1328 3380 1465 3438 imberba
1493 3359 1727 3444 diade-motam.⁴
1752 3371 1776 3434 ἶ
1802 3370 1917 3436 ΠΑΤ-

342 3467 505 3542 lcotum‚·
523 3465 614 3546 eujus
641 3467 863 3546 extremitates
892 3469 926 3538 in
958 3471 1114 3534 humeros
1149 3473 1312 3542 ΣΑΝΙΑ.
1358 3481 1466 3558 Equus
1492 3481 1646 3557 prodiens
1675 3482 1762 3539 intro
1782 3482 1914 3560 quadra·

344 3568 478 3649 longius
508 3565 705 3644 defluxere,
743 3589 761 3630 a
791 3587 856 3652 quo
880 3569 980 3655 longe
1006 3571 1119 3635 differt
1152 3591 1228 3642 aaran.
1251 3579 1321 3640 AR.
1345 3579 1370 3638 l.
1601 3637 1611 3650 ,

349 3667 498 3732 diadema
521 3668 735 3750 conspicuum
765 3668 797 3729 in
821 3671 927 3732 numia
949 3675 1116 3756 argenteis
1195 3683 1420 3742 Praestantem
1446 3678 1532 3740 hune
1555 3699 1686 3740 numum
1714 3681 1747 3742 ia
1769 3679 1917 3742 Macedo·

347 3787 465 3852 regum
508 3767 745 3846 Macedoniae,
796 3770 852 3849 qui
896 3772 1117 3834 Alexandrum
1153 3779 1204 3840 nia
1231 3777 1318 3841 ltaud
1342 3779 1385 3840 ita
1409 3778 1536 3860 pridem
1551 3779 1706 3842 effossum
1721 3781 1755 3842 in
1773 3801 1920 3844 museum

349 3889 580 3954 praecessere,
598 3867 687 3954 quod
704 3881 801 3932 tenne
820 3885 942 3936 tantum
959 3873 1049 3936 iilum
1069 3890 1119 3936 ast
1156 3903 1248 3944 anum
1276 3883 1385 3943 intulit
1410 3880 1581 3954 eruditus,
1612 3883 1755 3966 mihique
1770 3882 1922 3944 amicissi-

350 3968 476 4032 circulo
508 3967 634 4034 finitum
665 3971 757 4033 nullo
787 3971 819 4032 ln
841 3973 996 4036 humeros
1019 3977 1119 4039 exilu·
1156 4005 1227 4044 mua
1248 3982 1467 4064 Couaineryus
1489 3983 1629 4046 sicarius
1656 3981 1782 4044 Galliae
1809 3983 1934 4048 consul,

351 4073 395 4132 At
423 4071 463 4132 ab
493 4070 545 4133 hi's
566 4093 697 4136 rursum
720 4070 832 4136 differt
853 4075 1000 4138 laudatus
1023 4098 1120 4162 saepe
1157 4083 1432 4159 Thessalonicae,
1461 4097 1574 4166 postor
1598 4103 1710 4148 museo
1733 4083 1823 4165 regis
1851 4083 1926 4146 Gal·

355 4167 476 4234 ae‘neus
499 4173 722 4254 Hoymianns,
750 4173 784 4237 in
808 4196 872 4258 quo
896 4176 1044 4240 diadema
1072 4192 1123 4240 est
1156 4185 1273 4248 liarum
1298 4187 1409 4248 cessit.

355 4270 427 4354 ajns
453 4269 595 4349 formae,
618 4275 710 4356 cujus
740 4277 909 4356 rumille,
932 4299 1016 4362 quae
1037 4297 1123 4342 com·
1201 4292 1270 4350 Aa.
1292 4289 1412 4350 Rata.

355 4383 471 4456 parent
492 4371 527 4433 in
548 4373 654 4437 numia
676 4395 802 4460 regum,
825 4381 881 4464 qui
901 4381 1125 4465 postAlexan·

370 4519 1919 4552 Μ

445 4583 476 4655 ¹)
495 4581 515 4638 l.
534 4545 967 4662 a.'p.177;etdeGar-rulitate.
1018 4579 1322 4664 melittutam·
1375 4591 1403 4671 ²)
1424 4595 1584 4658 Aeschines
1601 4594 1638 4658 de
1652 4580 1928 4676 tals.legss'.p.ae9.
