4282 5502
815 529 1167 612 TR=.0.A
1241 532 1279 610 S.
1471 555 1474 560 '
1763 549 1921 644 1439'¹

270 717 359 769 teror
375 701 482 767 aeeuri
496 699 592 766 feriri
605 698 826 784 juaaitrfloeo
850 701 1034 781 Pausanias,
1070 703 1117 766 ria
1138 703 1170 766 in
1191 704 1242 766 hia
1275 703 1381 766 numia
1409 689 1596 800 proponitue
1625 725 1737 794 aperta
1765 721 1835 800 qut·

243 805 402 889 'aliique
1071 801 1147 866 dem
1174 817 1235 880 eut,
1262 802 1321 867 aed
1349 818 1546 888 nonaeque
1585 811 1738 889 expeditu
1777 805 1835 886 du'.

314 905 399 990 Typi
421 903 621 968 mentionem
642 902 795 966 iecerunt
822 905 847 970 1.
875 903 1036 970 Aristote·
1069 903 1182 992 plionti
1211 904 1246 965 iu
1278 905 1384 970 nntioa
1406 907 1532 988 capitia.
1555 907 1623 968 Alii
1658 921 1831 987 moechum

273 1007 322 1068 lea
351 1007 385 1068 in
414 1004 520 1068 libro:
566 995 714 1064 Tarrdnm
751 986 910 1082 romine,
940 1004 1034 1087 ¹quod
1070 1022 1145 1066 oum
1183 1001 1331 1067 adultere
1369 1006 1508 1089 proponi
1546 1007 1702 1090 eredunt,
1745 1023 1832 1102 quod

270 1104 491 1191 fragmentum
521 1101 728 1166 oouaertatit
758 1103 957 1190 Stephanae:
989 1107 1037 1168 le·
1072 1105 1178 1167 minuo
1199 1105 1398 1178 verisimile,
1421 1101 1573 1170 eume-lii
1595 1110 1754 1182 Graeciae
1775 1143 1833 1206 po·

273 1225 348 1290 gem
384 1217 495 1268 narrat
530 1227 549 1268 a
585 1203 714 1266 Tenedi
748 1223 829 1286 rege
870 1206 1035 1283 aanoitum,
1071 1205 1141 1288 puli
1162 1203 1242 1268 deor
1265 1207 1458 1270 antherum
1481 1211 1673 1290 epectandoa
1702 1217 1736 1278 iu
1766 1245 1834 1285 nru-

270 1325 354 1392 quae
371 1303 595 1388 deprehensor
611 1304 644 1367 in
659 1303 822 1367 adulterio
838 1307 946 1368 reouri
962 1327 1037 1392 por·
1071 1319 1147 1398 netu
1177 1305 1388 1385 exhiberent,
1419 1308 1584 1371 'l'enediot
1614 1315 1757 1382 voluiaae
1786 1321 1834 1383 in.

273 1407 339 1472 euti
367 1405 479 1492 juhet‘,
502 1423 642 1491 eumque
677 1405 749 1488 ejut
783 1405 928 1468 criminin
959 1427 1035 1469 reue
1071 1405 1165 1469 fumis
1195 1408 1340 1469 oriminis
1371 1408 1528 1472 convictio
1557 1410 1642 1478 huno
1671 1415 1832 1486 honorem

272 1519 490 1592 perageretur
510 1503 597 1568 filiun
619 1507 689 1592 ipre
711 1506 818 1591 regia,
840 1506 873 1567 iu
895 1527 936 1569 eo
959 1507 1029 1591 ipro
1066 1505 1193 1570 haberi.
1231 1507 1297 1569 Alii
1333 1505 1411 1594 fidei
1449 1508 1605 1574 maritalia
1644 1519 1828 1599 symbolum

269 1608 413 1672 voluiate
449 1605 574 1669 servari
611 1606 742 1688 legem,
779 1628 820 1670 oe
852 1618 1031 1686 propterea,
1068 1607 1257 1692 opinantur,
1288 1607 1328 1672 ad
1359 1629 1454 1694 quum
1484 1611 1623 1673 'Tenedii
1651 1615 1716 1682 hoo
1754 1633 1832 1704 typo

270 1705 377 1786 uddit,
412 1711 447 1770 in
475 1709 682 1770 Tenediorum
717 1717 845 1770 moneta
878 1711 1034 1792 roulptom
1058 1729 1145 1772 anna
1173 1708 1299 1772 vellent
1326 1709 1466 1785 hortari,
1495 1711 1557 1772 niai
1587 1733 1722 1779 aversae
1781 1742 1832 1784 ar·

267 1817 522 1887 erreunoparte
541 1811 695 1884 securim,
726 1812 830 1870 altero
853 1811 916 1871 duo
948 1809 1035 1886 capt·
1070 1809 1111 1875 tie
1132 1811 1273 1872 reourim
1296 1809 1419 1891 malint.
1442 1810 1638 1875 Rectissime
1666 1815 1691 1878 ii
1719 1741 1832 1885 viden.

266 1921 301 1972 ta
339 1912 385 1970 ἰη-
410 1911 594 1971 memoriam
627 1913 707 1984 einr,
737 1910 825 1991 qnod
844 1909 915 1988 filio
945 1909 1031 1969 neci·
1067 1925 1120 1974 tur
1142 1910 1278 1987 sentire,
1299 1909 1354 1995 qui
1377 1913 1524 1974 Tonnem
1547 1925 1744 1979 etanrorem
1766 1922 1834 1984 He·

266 2003 371 2085 dieb).
397 2008 440 2070 H.
461 2005 577 2069 suidas
599 2029 673 2072 oum
695 2005 782 2070 idem
804 2005 1025 2086 narrarret0),
1067 1997 1219 2074 mitheum
1254 2008 1360 2072 notnri
1394 2025 1526 2094 putant,
1569 2029 1652 2096 quoa
1689 2021 1830 2102 sanguia,

271 2108 377 2172 addit:
415 2112 612 2190 Quapropter
643 2117 675 2170 et
703 2110 738 2168 r'rr
767 2112 957 2176 numiamate
989 2111 1031 2168 ob
1067 2132 1175 2184 umor,
1214 2123 1247 2172 et
1265 2107 1353 2172 idem
1386 2109 1569 2192 perieulum
1599 2110 1756 2194 junxere,
1792 2119 1833 2184 ab
1964 2161 1966 2166 .

263 2229 331 2272 m
358 2218 452 2288 porte
472 2213 611 2285 aecurr‘r,
641 2211 683 2269 ab
708 2210 814 2269 altera
832 2211 896 2269 dno
925 2209 1037 2296 uultur
1067 2209 1236 2295 oppidania
1256 2211 1337 2274 adeo
1352 2222 1388 2272 ut
1406 2209 1527 2275 heroes
1549 2211 1668 2279 cultor.

263 2327 307 2371 eu
327 2311 439 2370 eodem
460 2314 583 2373 ceruice
599 2317 789 2387 comparent.
804 2305 860 2368 111.
876 2303 965 2366 Idem
980 2323 1033 2366 re·
1437 2361 1455 2401 t

264 2404 332 2471 fert
367 2407 564 2470 Heracliden
586 2403 637 2488 d),
675 2405 730 2486 qui
770 2405 907 2486 insuper
941 2401 1030 2484 regia
1376 2407 1396 2446 *
1497 2409 1515 2448 *

265 2526 383 2570 numen
407 2511 554 2572 'Pennem
578 2503 699 2589 prodit.
720 2506 773 2573 tv.
805 2505 847 2563 In
871 2501 1031 2587 alinum·
1108 2507 1209 2584 Caput
1226 2505 1400 2583 Apollim‘r.
1442 2499 1466 2561 ἶ
1491 2499 1596 2569 ΤΕΝ.
1626 2507 1757 2570 Securis
1782 2514 1830 2571 r'n.

263 2610 317 2670 nia
345 2607 412 2670 abit
440 2605 700 2686 Plutarchuae),
738 2623 812 2667 nem
848 2624 923 2666 eum
957 2623 1029 2664 unr-
1063 2613 1112 2666 ter
1126 2607 1205 2666 deor
1220 2607 1331 2665 botros.
1357 2603 1423 2668 ΑΕ.
1442 2602 1497 2667 tv.
1520 2603 1712 2687 (Pellerin.)

264 2721 387 2784 rueret,
410 2708 550 2771 aecurim
573 2699 795 2788 erae'eignum
819 2703 957 2782 Tenedi,
978 2727 1028 2768 ra·
1107 2700 1287 2786 Apollinis,
1318 2703 1377 2764 red
1402 2701 1573 2780 Sminthii,
1605 2703 1688 2786 apud
1719 2710 1827 2773 Tene·

264 2808 387 2872 tionem
420 2809 528 2885 addit,
555 2805 630 2890 quin
659 2805 726 2867 nati
754 2803 801 2866 ibi
828 2805 940 2869 caneri
965 2805 1028 2869 ooli
1064 2802 1136 2865 dina
1158 2802 1287 2865 atetiene
1310 2801 1488 2884 templum,
1511 2815 1544 2864 et
1564 2803 1728 2888 insignem
1758 2809 1829 2894 eju·

265 2905 1030 2995 tunt,quiexpreaanminteatnneourimoffe-
1062 2904 1110 2968 ibi
1146 2903 1246 2966 suinae
1284 2904 1425 2979 cultum,
1461 2901 1539 2966 ratio
1576 2919 1718 2984 onustat,
1754 2912 1827 2990 ipro

266 3023 355 3075 runt.
377 3011 430 3074 De
451 3009 559 3072 aeouri
580 3004 664 3070 haee
691 3006 797 3070 adhue
825 3007 950 3083 Conon,
971 3006 1027 3091 qni
1063 3005 1160 3069 etiam
1190 3005 1338 3067 Homero
1376 3003 1463 3066 irtud
1496 3017 1655 3070 teotunter
1686 3003 1827 3070 'sordem

264 3109 388 3174 Teuniu
424 3128 554 3195 quoque
590 3107 758 3170 historiam
787 3105 962 3190 descripsit
975 3105 1025 3190 s)=
1064 3098 1101 3165 dr
1123 3105 1169 3184 ἶφι
1191 3101 1352 3183 aimerus,
1384 3099 1532 3187 §poem
1561 3103 1595 3168 et
1618 3111 1741 3172 Tenedo
1758 3113 1829 3190 sor

264 3213 345 3275 Cum
372 3224 466 3295 puter
490 3211 618 3291 Cyouun
636 3209 806 3272 Tenedum
828 3208 903 3273 novi
924 3221 1027 3269 trona-
1062 3210 1136 3269 titur
1166 3209 1322 3286 imperor,
1355 3205 1576 3294 Sminthium
1619 3207 1671 3270 De
1703 3209 1829 3294 Apolli·

261 3314 422 3386 mitteret,
450 3305 555 3373 hlium
583 3314 760 3384 Tennem,
779 3329 822 3372 ne
854 3323 949 3393 pater
985 3307 1026 3370 ud
1061 3325 1103 3370 ne
1133 3303 1438 3389 Sminthio,·eique
1467 3307 1567 3370 enoria
1605 3307 1751 3372 murihua
1783 3310 1828 3374 vi·

263 3413 400 3476 inanium
423 3411 591 3495 appellere
608 3417 741 3494 posset,
770 3425 900 3494 urrepta
917 3407 1026 3470 aeouri
1062 3408 1103 3472 do
1126 3427 1208 3492 quoe
1237 3405 1335 3469 latina
1364 3427 1462 3490 aupru
1491 3407 1631 3470 dianerui
1651 3411 1693 3470 in
1717 3413 1824 3476 numia

262 3515 352 3577 natio
384 3494 565 3575 retinuonla‘
593 3509 806 3582 dioreoniane,
836 3509 921 3570 unde
951 3527 1026 3590 pro·
1063 3507 1276 3570 Alexandriae
1327 3507 1476 3573 Troadis.
1527 3513 1640 3572 Murra
1690 3511 1824 3592 gemini,

262 3615 410 3678 verbium
433 3611 575 3674 inomni
598 3632 635 3674 re
658 3609 857 3696 praecipiter
900 3615 1027 3672 Tennoe
1061 3605 1170 3691 quiin
1194 3629 1270 3672 area
1286 3605 1402 3671 similit
1429 3609 1528 3672 numi
1555 3609 1721 3673 Goitoiani
1748 3631 1824 3696 rep·

261 3720 391 3790 rerurrfr.
421 3712 488 3777 Sed
513 3711 610 3794 hujue
630 3707 797 3796 proverbii
826 3712 903 3772 aliae
932 3731 1026 3792 prue-
1061 3719 1149 3782 tunt,
1178 3710 1206 3771 ai
1237 3705 1335 3772 modo
1365 3710 1525 3792 genuinus
1553 3712 1676 3774 orthio
1698 3732 1824 3788 nnmue,

144 3816 148 3824 ’
261 3829 353 3878 terea
381 3835 493 3878 nauum
514 3813 644 3877 *dietant
675 3812 791 3876 Suidaa
821 3827 854 3876 et
891 3811 1025 3894 Stepha·
1061 3821 1095 3872 et
1116 3803 1181 3870 non
1212 3809 1404 3886 nGoltzio,
1435 3823 1469 3873 ut
1500 3831 1598 3892 uuepe
1623 3812 1719 3886 aliua,
1752 3830 1825 3874 eru·

261 3939 330 3982 nm,
580 3929 582 3934 ·
1057 3908 1124 3972 dite
1155 3905 1331 3988 confletur,
1361 3910 1402 3973 od
1430 3909 1517 3974 huno
1547 3911 1743 3973 Sminthium
1772 3911 1821 3993 ju·

302 4015 489 4080 Secundum
513 4015 593 4078 hoec
615 4011 798 4079 teatimoniu
823 4013 905 4076 ratio
931 4031 1021 4074 aeou·
1057 4033 1096 4074 re
1117 4011 1292 4096 pertinent,
1335 4010 1426 4105 Quae
1450 4032 1546 4075 oauon
1574 4013 1656 4086 suit,
1686 4032 1746 4075 our
1767 4033 1824 4075 nu·
1860 4033 1867 4080 t

1940 3587 1952 3622 Ι

370 4409 402 4483 ¹²)
422 4409 525 4487 Steph.
542 4405 724 4484 inTrredoc.
813 4407 842 4472 ‘i
861 4407 895 4468 In
915 4401 1054 4506 Tertiae(
1071 4405 1241 4492 ξωηιγορος.
1330 4404 1360 4478 d)
1381 4399 1644 4486 l'lreenahrrreor.
1732 4407 1759 4477 ο)
1780 4407 1825 4462 De
1878 4419 1884 4430 ’

256 4499 341 4579 Pyth.
360 4518 438 4558 oruc.
456 4520 490 4578 p.
507 4508 570 4566 399.
656 4499 687 4574 s)
707 4500 764 4577 Ap.
783 4493 871 4599 Phot.
888 4511 996 4558 narrat.
1014 4507 1060 4564 28.
1148 4500 1178 4570 ὅ)
1197 4497 1232 4556 ll.
1251 4497 1285 4554 Α.
1305 4503 1350 4560 38·
1566 4521 1570 4529 ·
1667 4528 1675 4542 =

297 4598 387 4672 mot·
408 4599 474 4674 11.)
1488 4591 1625 4686 ttae
1748 4551 1753 4573 ’
