4270 5488
558 562 1390 722 ''nuensuscnnontnu
1638 665 1642 672 .
1741 613 1786 682 ss

205 773 234 843 “,
259 771 383 833 liudem
399 772 549 835 emersa.
564 765 587 829 ἵ
601 774 681 837 Sine
702 777 882 856 eplprapls.
902 779 989 854 Qua·
1022 772 1179 836 abludunt
1192 770 1310 838 ¹vultus
1332 765 1553 832 lineamenta?
1575 765 1682 849 Atque
1704 766 1789 831 hanc

209 877 347 936 &amm
377 873 649 954 quadripartitum
681 876 750 939 All.
779 877 804 938 1.
835 875 986 956 lnaliis:
1023 893 1118 935 unam
1139 873 1239 936 fuisse
1256 873 1417 934 rationem
1432 869 1602 938 existima,
1626 885 1685 928 cur
1701 887 1790 930 men·

161 1035 171 1050 ,
205 961 290 1038 Leo
306 975 460 1035 dimidius
491 978 580 1034 intro
602 979 802 1056 quadratum.
833 977 902 1042 An.
929 963 985 1039 lli.
1022 987 1089 1036 tens
1129 977 1269 1056 mutaret
1293 970 1532 1046 *Proelichiun
1588 987 1788 1051 humumque

207 1075 322 1154 (Mas.
338 1077 429 1137 Caes.
447 1071 623 1156 Pellerin.)
1021 1073 1152 1154 Haymii
1175 1092 1249 1136 curn
1272 1073 1364 1136 vultu
1385 1071 1521 1134 barbato
1545 1068 1706 1132 tribueret
1727 1070 1789 1132 Ar·

262 1182 372 1259 Equos
394 1195 532 1238 cuneus.
557 1171 580 1232 Ξ
607 1171 840 1238 ΑΡΧΕΛΑΟ.
873 1182 986 1254 Galea,
1024 1175 1139 1239 chelao
1167 1177 1219 1250 1.‚
1249 1173 1394 1257 reliquos
1416 1169 1581 1237 Archelao
1602 1172 1641 1232 ll.
1662 1173 1789 1238 Verum

207 1283 326 1339 omnic
357 1282 442 1339 intra
463 1285 662 1358 quadratum.
693 1278 761 1342 AR.
788 1277 844 1342 111.
867 1279 989 1358 (Pelle-
1023 1297 1064 1338 an
1094 1275 1169 1338 satis
1199 1275 1364 1357 conspirat
1393 1273 1542 1349 fabrica,
1574 1290 1668 1356 qnam
1700 1268 1795 1340 exhiq

207 1377 298 1459 rin.)
1007 1376 1079 1438 'bet
1102 1397 1218 1439 numus
1244 1376 1313 1450 tv„
1334 1395 1408 1438 cum
1432 1388 1537 1436 aetate
1557 1372 1712 1436 Archelai
1736 1372 1789 1446 11,

262 1487 363 1558 Caput
393 1481 529 1540 inoberbe
559 1483 647 1539 tenos·
666 1479 723 1556 Illo
743 1481 933 1541 redimitum.
963 1472 987 1534 32
1023 1479 1080 1562 qui
1101 1477 1163 1540 fuit
1188 1476 1331 1559 Philippi
1342 1453 1395 1536 Ἤ.
1416 1473 1543 1538 frater?
1570 1473 1641 1535 Jam
1656 1472 1696 1536 ad
1716 1470 1791 1534 har·

209 1575 455 1641 APXEAAO.
479 1582 587 1660 Eques
607 1579 761 1658 prodiens
778 1579 1098 1658 pendentibns'ham
1131 1579 1220 1664 quod
1249 1578 1381 1653 attinet,
1412 1591 1446 1638 ut
1474 1573 1516 1635 de
1542 1574 1627 1656 typis
1652 1571 1792 1658 judicari¹
1888 1635 1893 1640 ,

207 1678 500 1742 submonent.
529 1678 627 1757 (Mus.
651 1679 760 1760 Caes.)
1021 1694 1114 1744 recte
1141 1680 1269 1765 possit,
1308 1697 1413 1740 nosse·
1434 1676 1576 1760 primum
1608 1687 1789 1757 oporteret,

261 1785 405 1844 1²rolome
440 1781 576 1841 barbata
611 1783 806 1844 diademata.
843 1777 866 1838 e
895 1813 908 1828 ·
935 1815 947 1830 ·
973 1813 986 1830 ·
1021 1795 1129 1845 utrum
1173 1779 1234 1844 hac
1281 1793 1386 1842 aetate
1410 1775 1616 1848 'Macedones
1656 1773 1791 1836 barbam

208 1873 393 1944 EAAOT.
423 1883 532 1961 nque·
557 1875 710 1959 prodiens
738 1885 826 1943 intra
848 1887 985 1965 quodra-
1021 1881 1177 1958 uiuerint,
1200 1903 1239 1942 an
1261 1899 1334 1943 eam
1355 1877 1563 1961 abjecerint?
1586 1877 1653 1940 Sed
1673 1877 1706 1936 iu
1724 1874 1788 1936 hoc

210 1975 287 2042 euni
316 1983 469 2044 inemum.
498 1981 565 2042 AE.
595 1981 651 2047 111.
673 1981 804 2063 (Hrym.
828 1984 867 2046 Τ.
891 1984 930 2046 ΙΙ.
952 2007 985 2068 p.
1023 1983 1120 2048 video
1138 1975 1301 2045 discordia
1320 1993 1471 2045 veterum·
1500 1973 1695 2042 testimonia.
1725 1978 1790 2038 An·

210 2101 264 2143 m.
286 2081 347 2155 ιι.)
387 2145 392 2152 ,
690 2144 693 2150 ,
1022 2099 1056 2148 te
1097 2081 1318 2146 Alexandrum
1339 2083 1384 2142 Μ.
1413 2082 1597 2144 inusitatam
1627 2081 1660 2140 in
1689 2081 1790 2142 Grae·

259 2179 360 2240 Numi
385 2181 460 2242 ioco
479 2183 504 2241 1.
528 2178 685 2261 descripti
710 2196 868 2268 tamtypo
886 2186 986 2278 partis
1023 2185 1074 2250 cia
1095 2205 1165 2248 rem
1186 2182 1287 2246 fuisse
1310 2185 1518 2256 novaculam,
1546 2201 1584 2244 so
1607 2181 1703 2263 hujus
1724 2181 1790 2264 pri·

211 2282 481 2362 anticua,qnam
506 2278 629 2344 fabrica
653 2283 810 2346 simillimi
832 2301 906 2347 eunt
931 2307 988 2348 nu·
1025 2309 1112 2349 mum
1140 2299 1244 2350 aetate
1274 2279 1436 2345 radendae
1465 2280 1585 2344 barbae
1612 2281 1789 2344 inolevisse

213 2383 280 2444 mia
298 2379 475 2441 Alexandri
491 2381 514 2438 1.
532 2379 594 2446 asi.
609 2382 706 2466 Capri
721 2385 877 2447 rationem
891 2407 987 2470 sopra
1024 2386 1313 2456 consuetudinem,
1336 2383 1485 2465 pluribus
1508 2381 1680 2466 Chrysippi
1699 2383 1792 2444 testi·

213 2485 249 2544 in
267 2484 395 2545 Carano
413 2479 573 2543 dedimus.
1024 2488 1142 2550 moniis
1171 2484 1363 2567 comprobat
1386 2485 1573 2547 Athenaeus
1595 2486 1635 2565 ¹”).
1669 2481 1791 2546 Suffra-

262 2581 357 2674 Quos
383 2582 488 2642 altero
512 2580 585 2644 loco
619 2584 710 2646 vides
737 2587 986 2670 anepigraphen
1025 2603 1119 2673 gatar
1141 2600 1173 2652 et
1199 2585 1410 2660 Plutarchus,
1442 2583 1618 2668 perhibens
1638 2585 1682 2664 ⁸),
1714 2583 1790 2646 Ale·

216 2681 550 2770 Pelleriniuspidem
578 2683 742 2748 Archelao
771 2687 885 2750 tribuit
914 2707 987 2772 pro·
1023 2689 1182 2753 xandrum
1219 2687 1359 2749 rnilitum
1396 2705 1530 2748 sumum
1566 2683 1638 2746 radi
1675 2685 1790 2746 barbas

217 2780 468 2869 pterea‚·quod
491 2781 606 2844 similis
628 2784 732 2849 antica
756 2801 807 2850 est
828 2788 861 2848 in
888 2791 987 2852 certia
1023 2791 1175 2874 jussisse,
1205 2801 1241 2852 nt
1271 2785 1437 2850 difficilius
1467 2786 1499 2846 in
1523 2786 1648 2868 praelio
1670 2787 1710 2848 ab
1733 2788 1791 2850 ho·

218 2887 293 2968 ejus
315 2885 432 2946 numia.
455 2886 497 2945 At
520 2881 606 2958 iusto
634 2885 715 2950 hanc
728 2886 837 2969 legem
853 2904 989 2974 possunt
1024 2893 1126 2954 stibus
1157 2891 1229 2975 copi
1258 2901 1400 2970 possent.
1442 2886 1543 2970 Atqui
1573 2900 1606 2949 et
1635 2881 1790 2968 synesius

218 2989 319 3050 esiam
334 3005 406 3048 esse
420 2983 598 3072 Alexandri
614 2987 641 3049 Ι.
855 3013 859 3016 ·
1025 2994 1101 3056 citat
1123 2992 1348 3054 Ptolemaeum
1366 2987 1466 3070 Lagi,
1490 3005 1607 3071 quem,
1630 2989 1693 3064 ait,
1715 2990 1792 3072 quia

263 3088 379 3150 Tertio
402 3084 526 3157 similes
551 3097 633 3172 sant·
648 3087 739 3148 numi
764 3089 819 3150 alii
840 3093 989 3172 argentei
1024 3097 1075 3156 rei
1092 3106 1203 3178 gestae
1216 3091 1382 3176 interluit,
1404 3109 1474 3152 rem
1493 3109 1557 3152 non
1576 3088 1790 3172 ignoravisse,

219 3191 278 3251 ill.
306 3187 450 3263 formae3
478 3185 541 3248 nisi
566 3186 652 3269 quod
678 3189 782 3250 omnis
808 3191 904 3252 inhia
922 3194 990 3272 epi·
1025 3209 1058 3258 et
1086 3193 1161 3278 quin
1187 3197 1249 3256 rcx'
1276 3192 1355 3269 fuit,
1385 3213 1451 3254 non
1481 3191 1677 3268 me'ntitum,
1708 3191 1791 3257 haec

220 3291 347 3372 graphe
378 3287 496 3360 abest,
535 3307 673 3370 quornm
709 3291 848 3356 similem
885 3289 989 3366 edidit
1024 3281 1389 3382 scilicet.scribentema
1412 3293 1633 3356 Alexandrum
1653 3292 1812 3366 cornuin

180 3419 196 3426 -
220 3391 432 3452 Naumaunus
460 3401 574 3450 noster
596 3389 655 3469 (ι),
687 3404 721 3454 et
746 3405 883 3476 propter
904 3393 987 3455 hanc
1024 3397 1137 3472 deser,
1161 3415 1277 3460 suos-a
1299 3391 1526 3458 Persisbarba
1543 3413 1700 3479 cornaque
1718 3415 1792 3476 pre·

218 3505 373 3574 typorum
407 3500 439 3548 et
470 3486 613 3550 iubricae
645 3493 853 3556 concordiam
878 3493 986 3556 eidem
1022 3497 1144 3560 henaoa
1160 3495 1297 3562 retineri
1313 3517 1349 3566 ac
1366 3493 1533 3570 trucidari,
1549 3495 1792 3578 antepraelium

219 3587 384 3653 Archelao
407 3585 555 3649 tribuere
579 3609 645 3650 non
672 3591 839 3658 dubitarit.
868 3595 988 3658 Dahis
1023 3595 1065 3661 ad
1088 3597 1209 3661 Arbela
1238 3617 1352 3662 omnes
1374 3595 1570 3660 Macedonas
1592 3595 1700 3658 missis
1721 3609 1793 3657 ton·

219 3692 342 3754 redibit
358 3689 480 3751 mentio
498 3688 530 3748 in
549 3692 656 3754 numia
674 3693 869 3777 Metropolis
887 3697 990 3758 Thes·
1024 3698 1152 3760 acribus
1175 3699 1333 3760 novacula
1357 3683 1520 3761 radendos
1539 3717 1670 3760 curasse
1694 3699 1725 3773 ¹).
1749 3697 1793 3757 Et

220 3791 332 3856 saliae.
561 3879 573 3884 η
1025 3801 1089 3861 alio
1120 3799 1194 3861 loco
1222 3797 1328 3860 refert
1357 3792 1551 3886 Plutarchus
1573 3797 1613 3859 de
1637 3794 1791 3878 Philippo

264 3891 408 3988 Quartus
429 3904 463 3953 et
490 3891 621 3973 quintus
643 3905 827 3974 postremus
852 3915 917 3958 non
943 3897 990 3958 le·
1025 3905 1207 3982 Amyntae,
1237 3913 1328 3981 patre
1360 3894 1626 3968 alienandum..
1658 3897 1790 3978 Antipa-

217 4015 277 4058 res
303 3991 461 4076 objiciunt
486 3990 706 4060 difficultates.
745 3987 987 4062 Suntne'uniua
1023 4002 1066 4064 tri
1082 3991 1254 4085 quemdam
1271 3998 1426 4075 amicum,
1449 3999 1569 4082 inquit,
1590 3996 1624 4058 in
1643 3995 1790 4078 judicum
1900 4047 1904 4054 .

218 4093 643 4179 ejusdemqueArchelai,
682 4120 722 4161 en
756 4095 987 4162 diversorum?
1023 4101 1202 4183 collegium
1231 4087 1459 4184 cooptarerat,
1495 4099 1640 4162 sentiens
1669 4112 1790 4174 autem,

218 4197 274 4259 Sin
296 4195 396 4270 illud,
419 4213 477 4254 cnr
500 4191 534 4254 in
560 4198 670 4278 priore
689 4213 737 4262 eat
755 4200 929 4277 imberbis,
952 4202 985 4260 in
1024 4223 1097 4264 eum
1120 4201 1253 4272 barbam
1277 4213 1438 4285 caputque
1463 4199 1617 4283 tingere,
1646 4199 1794 4264 removit

216 4297 323 4360 altero
353 4290 484 4378 prolixe
516 4293 696 4362 barbatus?
725 4303 790 4364 Cur
816 4313 984 4385 tantopere
1022 4325 1097 4368 enm
1112 4307 1154 4381 ¹¹).
1179 4306 1301 4390 Contra
1316 4302 1511 4374 Plutarchus
1533 4301 1575 4363 de
1595 4299 1710 4394 eodem
1731 4320 1789 4364 no·
1907 4351 1915 4366 .

328 4531 357 4606 q)
378 4531 467 4589 Num.
489 4486 562 4612 pop.
583 4533 617 4588 T.
638 4533 659 4594 1.
681 4551 710 4610 p.
734 4538 796 4596 llll.
920 4517 1094 4603 1·)'L.x111.
1114 4551 1146 4609 p.
1166 4553 1202 4590 m.
1222 4537 1308 4595 565(
1350 4567 1355 4576 .
1415 4534 1442 4607 ι)
1467 4533 1632 4592 inTheseo
1655 4549 1686 4608 p.
1703 4536 1784 4591 msa.

238 4621 262 4689 ⁸}
280 4617 401 4679 lincoln.
421 4621 523 4680 calvit.
543 4639 575 4696 p.
594 4629 639 4684 ¹19.
727 4625 758 4695 u)
779 4623 969 4709 Απιφθειγμ.
992 4613 1097 4697 eucsh.
1119 4643 1150 4700 p.
1171 4643 1208 4682 sn.
1229 4627 1289 4684 178-
