4270 5488
716 595 1286 754 -ttnnnpnrrnr
1410 613 1509 662 π
1732 557 1800 684 in

222 770 405 834 molentum
444 779 495 832 eet
530 766 688 853 seriptum
719 763 998 832 ΗΠΕῙΡΩῬ.
1034 788 1099 856 qne
1125 769 1232 835 rennui
1262 769 1388 856 posteri
1419 782 1474 842 aut
1497 766 1667 834 admittant
1693 771 1802 850 iaoile,
1886 849 1897 864 θ

219 893 290 958 pro
326 865 696 948 ΑΠΕΙΡΩΤΑΝ,
733 885 906 954 praeterea
950 884 997 953 ty·
1033 885 1088 934 aut
1110 893 1177 939 non
1201 872 1341 935 audeant
1369 872 1573 955 impugnare.
1615 871 1708 936 Haeo
1741 897 1804 942 una

219 997 290 1062 pua
313 991 451 1040 arumna
473 992 535 1056 pro
555 971 674 1054 Pyrrhi
698 994 781 1040 aero
796 975 933 1038 nimium
950 972 999 1036 lo·
1015 965 1068 1036 'iu
1098 993 1193 1064 nauta
1223 973 1304 1051 fuit,
1334 993 1394 1038 our
1422 985 1464 1036 ne
1496 995 1634 1058 mugnus
1668 976 1803 1060 quidam

219 1075 361 1162 euplea,
392 1087 426 1138 et
454 1075 638 1139 Romanum
666 1073 799 1138 modum
830 1075 997 1142 redolent.
1035 1075 1250 1161 spanhemius
1278 1075 1475 1162 permissum
1506 1076 1567 1140 ribi
1590 1089 1721 1158 putarat
1748 1100 1805 1142 ex·

264 1181 380 1242 Loeut
405 1175 565 1257 postulat,
594 1188 630 1238 nt
650 1189 684 1240 et
709 1177 751 1240 tle
775 1177 896 1259 Pyrrhi
927 1175 999 1242 efli-
1034 1177 1168 1242 turbare
1200 1197 1220 1240 e
1257 1177 1451 1264 Campaniae
1490 1178 1599 1240 numia
1642 1179 1805 1260 creditum

220 1280 299 1364 gie,
322 1278 352 1340 ti
372 1277 574 1362 quamuntni
593 1277 767 1355 exhibent,
789 1278 997 1358 ffitneramur,
1034 1277 1090 1342 diu
1121 1281 1359 1356 Minotaurum,
1389 1277 1452 1340 etei
1480 1277 1568 1341 hune
1600 1296 1691 1346 certa
1716 1296 1805 1348 vete-

220 1379 380 1448 enm,de
409 1398 448 1440 eu
480 1378 632 1461 rapiatur
662 1399 772 1448 nermo
808 1380 910 1443 fuerit
945 1381 997 1460 iia,
1033 1381 1430 1464 rumteatimoniapalam
1450 1379 1682 1450 inficiarentur.
1704 1386 1803 1448 Prae·

219 1484 425 1569 quittamus
446 1493 481 1542 et
502 1499 648 1563 gemmus
669 1495 800 1545 veteres
816 1482 998 1568 detoripuo·
1034 1499 1133 1547 eante
1159 1486 1262 1569 igitur
1289 1483 1471 1569 Capitolina
1499 1484 1561 1546 lrao
1581 1498 1702 1560 atatna,
1725 1497 1804 1572 quo·

219 1605 277 1650 re.
319 1583 452 1646 illustre
480 1580 609 1666 rignum
638 1602 680 1644 ex
702 1603 865 1647 marmore
887 1586 996 1662 Pario,
1032 1591 1224 1670 tiereunque
1246 1585 1533 1679 antiquariieaput
1557 1587 1717 1670 galeatum
1732 1590 1806 1651 bur·

220 1684 316 1773 qunti
344 1705 433 1751 nunu
460 1697 510 1746 ent
539 1683 573 1746 in
604 1684 784 1769 Capitolio,
813 1690 919 1776 eapite
943 1707 997 1770 ga·
1032 1687 1160 1765 batum,
1191 1701 1225 1751 et
1255 1680 1373 1750 adfinia
1403 1689 1470 1750 oria
1503 1686 1698 1752 lineamenta
1733 1690 1803 1756 nive
1914 1679 1916 1682 ⁵

216 1783 315 1858 'leuto
352 1802 386 1856 et
425 1783 555 1870 prolixe
583 1785 737 1867 barbato,
766 1805 877 1857 cetera
907 1790 996 1873 palu-
1032 1791 1066 1852 in
1105 1809 1287 1868 marmore,
1323 1790 1396 1853 aire
1425 1807 1554 1873 gemma
1588 1811 1803 1875 conspexere,

220 1895 355 1959 datum,
385 1887 514 1950 uiniatru
544 1887 694 1972 clypeum
724 1893 816 1956 humi
846 1895 997 1970 attinens,
1033 1889 1226 1954 manifestus
1256 1890 1413 1952 continuo
1439 1890 1585 1970 Pyrrhus
1618 1895 1740 1970 evenit,
1768 1908 1805 1958 nt

220 1991 286 2056 aed
308 1991 365 2076 qui
386 2001 438 2052 eat
459 1985 609 2052 moderni
632 1995 761 2077 operia,
782 2009 819 2058 ιιι
841 1997 998 2080 οιιΡοᾶοι
1033 1993 1086 2056 vel
1118 2013 1158 2054 ex
1186 2013 1252 2056 uno
1286 1992 1400 2075 Sponii
1424 1991 1550 2074 judioio
1584 1995 1660 2057 entia
1693 2009 1804 2089 ppteut

220 2094 369 2178 turpiter
391 2088 512 2175 cranei,
544 2089 609 2172 jam
638 2109 713 2156 ante
735 2117 893 2160 unnuma
920 2113 997 2160 nato
1033 2093 1203 2177 tolligil).
1237 2091 1311 2186 Quo
1336 2093 1476 2168 fuctum,
1503 2105 1537 2154 ul
1559 2115 1670 2157 musea
1695 2097 1804 2160 omniu

221 2195 359 2261 Christo
391 2189 558 2255 ttDtht.
593 2195 849 2280 appellationem
876 2199 997 2282 Pyrrhi
1032 2195 1157 2258 eredita
1195 2195 1257 2257 huo
1288 2193 1409 2275 Pyrrhi
1445 2190 1560 2278 effigie
1589 2195 1801 2263 abundarent.

219 2298 311 2361 tulit.
332 2291 479 2379 Reperio
504 2293 591 2358 enim
613 2295 647 2356 in
669 2298 829 2383 opneonlo
848 2299 997 2368 Venetiis
1033 2297 1248 2362 luveteratam
1276 2296 1359 2358 hano
1386 2294 1593 2376 opinionem,
1620 2320 1716 2384 quam
1736 2319 1802 2362 uon

165 2395 169 2402 '
220 2397 347 2464 ondam
379 2414 465 2460 anno
500 2395 652 2478 uulgato,
681 2401 735 2460 nui
772 2399 901 2465 titniuaa
951 2406 996 2466 La
1033 2397 1144 2460 multia
1172 2393 1289 2462 abhinc
1319 2395 1410 2459 annia
1442 2398 1547 2462 adhue
1576 2399 1743 2463 Bottariuu
1768 2401 1801 2463 in

220 2502 384 2564 mahath
420 2500 507 2559 natta
541 2501 623 2561 culte
650 2504 691 2562 rii
718 2505 822 2564 Rama
850 2523 912 2582 per
949 2505 994 2564 M.
1032 2501 1182 2583 ortalogo
1202 2513 1378 2566 statuarum
1394 2498 1648 2580 Capitolinarum
1677 2517 1801 2567 certam
1873 2571 1879 2580 ¹

224 2605 333 2668 Ulieae
364 2601 554 2662 Andronodi
582 2621 680 2680 opera
714 2633 728 2650 ·
746 2633 760 2650 ·
781 2633 798 2650 ·
819 2605 855 2664 itt
882 2595 1011 2686 queato'
1030 2601 1152 2676 tenuit,
1180 2601 1323 2685 primus,
1348 2613 1384 2660 ut
1406 2611 1504 2682 puto,
1530 2600 1698 2665 tolleitare
1726 2623 1801 2666 ooe·

220 2711 342 2787 quarto
375 2703 585 2780 irroratione
609 2705 796 2780 rinorrettn,
832 2700 895 2783 jum
926 2717 993 2764 tum
1030 2701 1079 2784 pit
1101 2703 1394 2794 Winohelmannnr
1415 2701 1625 2783 provocando
1652 2703 1800 2789 adipaoe

222 2801 355 2886 Pyrrho
382 2797 468 2862 illoti
491 2800 668 2877 tributum,
692 2815 724 2864 et
747 2824 765 2866 a
788 2803 893 2865 nobili
922 2807 994 2870 riro
1029 2821 1146 2866 numoa
1176 2804 1267 2866 velut
1295 2816 1404 2866 certos
1439 2803 1687 2866 controversiae
1718 2805 1801 2886 judi·

222 2893 519 2970 nummolarius
546 2914 745 2968 tentatorum
762 2905 907 2968 millibus
928 2927 994 2969 arn·
1030 2921 1087 2964 oea
1110 2905 1159 2986 ²),
1183 2919 1216 2966 et
1241 2917 1372 2967 aeonius
1396 2918 1603 2988 argumenta,
1626 2923 1710 2987 quae
1732 2905 1798 2989 jam

221 3019 313 3094 ptum
331 2988 428 3088 (rag.
447 3003 530 3083 nott).
546 3004 628 3087 Ejus
650 3005 752 3070 oredo
767 3007 994 3092 appellationis
1029 3007 1161 3089 Cupero
1184 3005 1356 3090 rorupuloa
1384 3005 1530 3085 injecere
1554 3007 1594 3088 ιι).
1639 2999 1799 3075 Vuir'erea

218 3109 397 3194 praecipuo
413 3125 507 3170 nauta
521 3101 632 3187 luerit,
646 3109 774 3189 quodin
783 3109 992 3192 paludamen-
1028 3104 1129 3186 igitur
1142 3124 1238 3168 nauta
1250 3127 1323 3170 curu
1346 3127 1387 3168 ex
1402 3107 1509 3170 numia
1524 3107 1676 3193 pendeat,
1694 3110 1727 3169 in
1738 3111 1798 3176 bor
1865 3109 1868 3118 ’

219 3225 254 3275 ιο
278 3209 406 3293 sculpta
428 3221 501 3270 aunt
527 3207 777 3290 elephantorum
794 3213 914 3297 eapita3
936 3233 991 3278 re·
1026 3207 1245 3292 tmq'ustnmut·

218 3335 294 3376 rum
313 3312 348 3374 in
371 3309 491 3374 eodem
512 3309 652 3373 aliorum
682 3311 779 3374 etiam
802 3313 989 3378 animalium
1068 3311 1139 3372 Jam
1174 3311 1318 3396 primum
1353 3311 1395 3373 nul
1425 3308 1643 3374 deliniendum
1676 3313 1797 3395 Pyrrhi

218 3415 324 3498 eapite
342 3412 508 3497 reperiet,
530 3425 566 3474 ut
582 3411 693 3474 arietis
710 3427 772 3478 eto.
795 3419 869 3478 Non
884 3419 989 3480 multo
1025 3409 1170 3496 effigiem
1200 3412 1281 3474 nihil
1312 3409 1441 3474 confert
1464 3433 1582 3474 numus
1603 3411 1793 3480 exGoltzio

217 3527 293 3599 poet
317 3533 420 3598 grave
447 3513 524 3576 huin
547 3515 988 3581 senteutiaernouumentnm
1028 3515 1162 3587 nitatur,
1198 3515 1254 3598 qni
1287 3525 1384 3593 eaput
1426 3513 1589 3594 galeatum
1625 3513 1794 3578 barbatum

218 3615 328 3678 attulit
355 3611 510 3678 Goltzius
546 3613 638 3679 edito
666 3635 790 3696 numo,
835 3617 866 3680 in
904 3637 990 3702 quo:
1027 3615 1162 3678 exhibet
1188 3637 1253 3677 non
1287 3613 1438 3677 absimile
1466 3613 1535 3689 illi,
1569 3615 1657 3696 quod
1686 3629 1736 3678 eut
1760 3617 1795 3678 iu

218 3719 321 3796 Caput
333 3713 991 3796 qnantumtartatmfaessnztnustz.
1027 3730 1130 3780 ttutuo
1151 3715 1340 3801 Capitolina.
1364 3715 1463 3788 Esto,
1492 3733 1626 3775 numum
1644 3709 1718 3778 eure
1739 3735 1795 3801 go·
1913 3775 1917 3784 ,

216 3813 420 3878 ΠΤΡΡΟΤ.
438 3821 583 3880 Victoria
603 3829 767 3899 tropaeum
789 3831 931 3883 atumem
945 3820 988 3902 ἱ).
1026 3817 1178 3892 uuinnm,
1217 3817 1290 3900 quia
1331 3828 1426 3896 caput
1459 3812 1543 3875 illud
1577 3835 1650 3878 eone
1684 3816 1794 3898 potino

216 3924 265 3985 lta
289 3915 365 3980 fieri
390 3917 576 3994 consuevit,
601 3931 636 3980 nt
663 3919 773 4002 opinio
793 3922 897 3984 semel
913 3941 988 3984 oon·
1024 3920 1161 4004 Pyrrhi,
1195 3937 1288 4004 quarn
1320 3915 1433 3978 Martia
1464 3915 1587 3999 poterit
1614 3930 1792 3999 praeatare,

215 4035 312 4108 nepta
334 4039 396 4102 per
419 4039 626 4087 communem
649 4019 822 4084 adsensum
847 4022 894 4085 uio
916 4043 990 4088 era·
1024 4021 1201 4107 praecipuo
1229 4041 1303 4086 nuru
1334 4019 1520 4093 rideamne,
1549 4017 1585 4078 in
1607 4019 1792 4084 antina-nn·

216 4123 271 4186 dut
297 4117 536 4206 praejudicata,
566 4134 602 4182 ut
633 4123 730 4184 etiam
760 4123 832 4184 aine
861 4125 988 4190 ratione
1024 4145 1153 4187 morum
1183 4123 1253 4208 ejus
1288 4120 1393 4214 regio,
1428 4139 1514 4204 'quoa
1548 4115 1792 4204 deueripuimur,

215 4225 293 4290 utin
320 4245 383 4310 per
402 4239 438 4284 oe
461 4221 543 4286 tolo
558 4222 663 4288 valeat
686 4225 878 4304 auctarium,
902 4247 989 4290 eam·
1022 4220 1791 4314 variorumexhiberinuminumoapita?Simile

325 4531 359 4602 ι)
379 4530 410 4586 iu
431 4531 556 4590 Graenia
570 4535 645 4594 Τὼ.
659 4535 710 4596 lv.
764 4536 798 4610 ι)
814 4535 936 4595 Miscell.
952 4557 985 4615 p.
1006 4541 1070 4615 158.
1126 4533 1155 4604 ²²)
1174 4530 1322 4608 Dese'ript.
1343 4497 1507 4605 hespiorr.
1520 4548 1602 4610 grat.
1615 4551 1647 4610 p.
1664 4537 1721 4598 lib
1752 4545 1784 4592 οἱ

214 4615 394 4680 Getohiehte
410 4618 465 4680 der
478 4621 574 4682 Ktmst
589 4623 620 4686 S.
634 4633 697 4690 355.
712 4624 818 4684 Dresd.
835 4617 924 4706 Ausg'.
978 4625 1006 4698 ι)
1028 4624 1065 4684 de
1080 4623 1239 4702 Elephant.
1254 4639 1348 4682 exero.
1361 4621 1397 4682 lt.
1419 4641 1443 4680 c·
1463 4631 1488 4684 ί.
