<?xml version="1.0" encoding="UTF-8"?>
<!DOCTYPE html PUBLIC "-//W3C//DTD XHTML 1.0 Transitional//EN"
    "http://www.w3.org/TR/xhtml1/DTD/xhtml1-transitional.dtd">
<html xmlns="http://www.w3.org/1999/xhtml" xml:lang="en" lang="en">
 <head>
  <title>
</title>
<meta http-equiv="Content-Type" content="text/html;charset=utf-8" />
  <meta name='ocr-system' content='tesseract 3.04.00' />
  <meta name='ocr-capabilities' content='ocr_page ocr_carea ocr_par ocr_line ocrx_word'/>
</head>
<body>
  <div class='ocr_page' id='page_1' title='image "./doctrinanumorum00millgoog_0366.png"; bbox 0 0 4250 5482; ppageno 0'>
   <div class='ocr_carea' id='block_1_1' title="bbox 780 581 1877 744">
    <p class='ocr_par' dir='ltr' id='par_1_1' title="bbox 780 581 1877 744">
     <span class='ocr_line' id='line_1_1' title="bbox 780 581 1877 744; baseline 0.014 -52"><span class='ocrx_word' id='word_1_1' title='bbox 780 617 1228 697; x_wconf 77' lang='lat' dir='ltr'>ronrvn</span> <span class='ocrx_word' id='word_1_2' title='bbox 1728 581 1877 744; x_wconf 57' lang='grc' dir='ltr'>ω’</span> 
     </span>
    </p>
   </div>
   <div class='ocr_carea' id='block_1_2' title="bbox 221 787 1800 3190">
    <p class='ocr_par' dir='ltr' id='par_1_2' title="bbox 229 787 1800 1477">
     <span class='ocr_line' id='line_1_2' title="bbox 229 787 1800 884; baseline 0.006 -33"><span class='ocrx_word' id='word_1_3' title='bbox 229 787 382 852; x_wconf 84' lang='lat' dir='ltr'>Ceterum</span> <span class='ocrx_word' id='word_1_4' title='bbox 414 805 496 868; x_wconf 89' lang='lat' dir='ltr'>opus</span> <span class='ocrx_word' id='word_1_5' title='bbox 532 805 599 848; x_wconf 90' lang='lat' dir='ltr'>uon</span> <span class='ocrx_word' id='word_1_6' title='bbox 636 801 687 853; x_wconf 88' lang='lat' dir='ltr'>est</span> <span class='ocrx_word' id='word_1_7' title='bbox 722 808 994 870; x_wconf 83' lang='lat' dir='ltr'>commemorare,</span> <span class='ocrx_word' id='word_1_8' title='bbox 1030 791 1239 857; x_wconf 67' lang='lat' dir='ltr'>inscribatur.</span> <span class='ocrx_word' id='word_1_9' title='bbox 1282 787 1395 884; x_wconf 80' lang='lat' dir='ltr'>Quare</span> <span class='ocrx_word' id='word_1_10' title='bbox 1412 790 1474 855; x_wconf 86' lang='lat' dir='ltr'>etsi</span> <span class='ocrx_word' id='word_1_11' title='bbox 1499 789 1584 858; x_wconf 90' lang='lat' dir='ltr'>hanc</span> <span class='ocrx_word' id='word_1_12' title='bbox 1611 813 1734 871; x_wconf 83' lang='lat' dir='ltr'>meam,</span> <span class='ocrx_word' id='word_1_13' title='bbox 1767 815 1800 864; x_wconf 87' lang='lat' dir='ltr'>et</span> 
     </span>
     <span class='ocr_line' id='line_1_3' title="bbox 230 885 1796 980; baseline 0.006 -32"><span class='ocrx_word' id='word_1_14' title='bbox 230 885 329 950; x_wconf 88' lang='lat' dir='ltr'>urbes</span> <span class='ocrx_word' id='word_1_15' title='bbox 359 907 457 970; x_wconf 83' lang='lat' dir='ltr'>saepe</span> <span class='ocrx_word' id='word_1_16' title='bbox 480 887 606 972; x_wconf 81' lang='lat' dir='ltr'>abjectu</span> <span class='ocrx_word' id='word_1_17' title='bbox 623 889 842 975; x_wconf 86' lang='lat' dir='ltr'>appellatione</span> <span class='ocrx_word' id='word_1_18' title='bbox 867 913 923 956; x_wconf 88' lang='lat' dir='ltr'>sua</span> <span class='ocrx_word' id='word_1_19' title='bbox 940 913 996 956; x_wconf 87' lang='lat' dir='ltr'>se·</span> <span class='ocrx_word' id='word_1_20' title='bbox 1031 893 1080 956; x_wconf 86' lang='lat' dir='ltr'>Cl.</span> <span class='ocrx_word' id='word_1_21' title='bbox 1116 892 1209 955; x_wconf 86' lang='lat' dir='ltr'>Wise</span> <span class='ocrx_word' id='word_1_22' title='bbox 1245 889 1439 953; x_wconf 87' lang='lat' dir='ltr'>sententiam</span> <span class='ocrx_word' id='word_1_23' title='bbox 1473 911 1537 954; x_wconf 91' lang='lat' dir='ltr'>non</span> <span class='ocrx_word' id='word_1_24' title='bbox 1566 895 1663 957; x_wconf 87' lang='lat' dir='ltr'>tantis</span> <span class='ocrx_word' id='word_1_25' title='bbox 1683 909 1796 980; x_wconf 90' lang='lat' dir='ltr'>putent</span> 
     </span>
     <span class='ocr_line' id='line_1_4' title="bbox 232 984 1795 1078; baseline 0.008 -30"><span class='ocrx_word' id='word_1_26' title='bbox 232 1001 304 1050; x_wconf 85' lang='lat' dir='ltr'>tere</span> <span class='ocrx_word' id='word_1_27' title='bbox 327 989 483 1071; x_wconf 88' lang='lat' dir='ltr'>deinceps</span> <span class='ocrx_word' id='word_1_28' title='bbox 513 984 693 1054; x_wconf 78' lang='lat' dir='ltr'>adventitio</span> <span class='ocrx_word' id='word_1_29' title='bbox 722 1005 909 1056; x_wconf 70' lang='lat' dir='ltr'><strong>constanter</strong></span> <span class='ocrx_word' id='word_1_30' title='bbox 936 1013 996 1056; x_wconf 89' lang='lat' dir='ltr'>no·</span> <span class='ocrx_word' id='word_1_31' title='bbox 1030 992 1232 1078; x_wconf 81' lang='lat' dir='ltr'>argumentis</span> <span class='ocrx_word' id='word_1_32' title='bbox 1275 988 1524 1068; x_wconf 80' lang='lat' dir='ltr'>confirmatam,</span> <span class='ocrx_word' id='word_1_33' title='bbox 1568 1005 1604 1056; x_wconf 87' lang='lat' dir='ltr'>ut</span> <span class='ocrx_word' id='word_1_34' title='bbox 1646 1008 1702 1058; x_wconf 84' lang='lat' dir='ltr'>set</span> <span class='ocrx_word' id='word_1_35' title='bbox 1723 1017 1795 1060; x_wconf 89' lang='lat' dir='ltr'>rens</span> 
     </span>
     <span class='ocr_line' id='line_1_5' title="bbox 232 1085 1793 1174; baseline 0.006 -24"><span class='ocrx_word' id='word_1_36' title='bbox 232 1090 318 1150; x_wconf 89' lang='lat' dir='ltr'>mine</span> <span class='ocrx_word' id='word_1_37' title='bbox 345 1111 437 1163; x_wconf 88' lang='lat' dir='ltr'>usas,</span> <span class='ocrx_word' id='word_1_38' title='bbox 465 1101 500 1149; x_wconf 91' lang='lat' dir='ltr'>ut</span> <span class='ocrx_word' id='word_1_39' title='bbox 531 1085 651 1152; x_wconf 86' lang='lat' dir='ltr'>iactum</span> <span class='ocrx_word' id='word_1_40' title='bbox 682 1111 700 1152; x_wconf 88' lang='lat' dir='ltr'>a</span> <span class='ocrx_word' id='word_1_41' title='bbox 728 1091 993 1157; x_wconf 70' lang='lat' dir='ltr'>caesariensibus</span> <span class='ocrx_word' id='word_1_42' title='bbox 1030 1093 1170 1157; x_wconf 85' lang='lat' dir='ltr'>aliorum</span> <span class='ocrx_word' id='word_1_43' title='bbox 1189 1090 1572 1157; x_wconf 86' lang='lat' dir='ltr'>continuolocumotam</span> <span class='ocrx_word' id='word_1_44' title='bbox 1599 1095 1793 1174; x_wconf 86' lang='lat' dir='ltr'>existimem,</span> 
     </span>
     <span class='ocr_line' id='line_1_6' title="bbox 231 1189 1797 1282; baseline 0.003 -26"><span class='ocrx_word' id='word_1_45' title='bbox 231 1189 479 1282; x_wconf 80' lang='lat' dir='ltr'>Cuppudociae,</span> <span class='ocrx_word' id='word_1_46' title='bbox 531 1202 586 1251; x_wconf 87' lang='lat' dir='ltr'>sut</span> <span class='ocrx_word' id='word_1_47' title='bbox 635 1189 763 1270; x_wconf 86' lang='lat' dir='ltr'>abjecto</span> <span class='ocrx_word' id='word_1_48' title='bbox 814 1191 992 1257; x_wconf 83' lang='lat' dir='ltr'>adventitio</span> <span class='ocrx_word' id='word_1_49' title='bbox 1029 1193 1290 1258; x_wconf 79' lang='lat' dir='ltr'>verisimiliorem</span> <span class='ocrx_word' id='word_1_50' title='bbox 1323 1207 1433 1258; x_wconf 86' lang='lat' dir='ltr'>tamen</span> <span class='ocrx_word' id='word_1_51' title='bbox 1462 1213 1543 1278; x_wconf 86' lang='lat' dir='ltr'>prae</span> <span class='ocrx_word' id='word_1_52' title='bbox 1567 1193 1629 1259; x_wconf 91' lang='lat' dir='ltr'>hsc</span> <span class='ocrx_word' id='word_1_53' title='bbox 1663 1217 1797 1272; x_wconf 88' lang='lat' dir='ltr'>censeo,</span> 
     </span>
     <span class='ocr_line' id='line_1_7' title="bbox 231 1289 1794 1377; baseline 0.004 -25"><span class='ocrx_word' id='word_1_54' title='bbox 231 1293 415 1376; x_wconf 77' lang='lat' dir='ltr'>respexisse</span> <span class='ocrx_word' id='word_1_55' title='bbox 438 1303 549 1364; x_wconf 81' lang='lat' dir='ltr'>vetos,</span> <span class='ocrx_word' id='word_1_56' title='bbox 571 1289 663 1372; x_wconf 88' lang='lat' dir='ltr'>cujus</span> <span class='ocrx_word' id='word_1_57' title='bbox 686 1293 873 1376; x_wconf 83' lang='lat' dir='ltr'>exemplum</span> <span class='ocrx_word' id='word_1_58' title='bbox 902 1315 994 1377; x_wconf 90' lang='lat' dir='ltr'>prae·</span> <span class='ocrx_word' id='word_1_59' title='bbox 1029 1309 1062 1356; x_wconf 90' lang='lat' dir='ltr'>et</span> <span class='ocrx_word' id='word_1_60' title='bbox 1089 1293 1150 1357; x_wconf 93' lang='lat' dir='ltr'>hos</span> <span class='ocrx_word' id='word_1_61' title='bbox 1178 1313 1296 1357; x_wconf 85' lang='lat' dir='ltr'>numos</span> <span class='ocrx_word' id='word_1_62' title='bbox 1329 1292 1481 1358; x_wconf 84' lang='lat' dir='ltr'>Comanis</span> <span class='ocrx_word' id='word_1_63' title='bbox 1516 1297 1615 1360; x_wconf 87' lang='lat' dir='ltr'><strong>Ponti</strong></span> <span class='ocrx_word' id='word_1_64' title='bbox 1652 1299 1794 1362; x_wconf 81' lang='lat' dir='ltr'>tribuen-</span> 
     </span>
     <span class='ocr_line' id='line_1_8' title="bbox 234 1388 1502 1477; baseline 0.006 -23"><span class='ocrx_word' id='word_1_65' title='bbox 234 1393 310 1456; x_wconf 88' lang='lat' dir='ltr'>beut</span> <span class='ocrx_word' id='word_1_66' title='bbox 333 1392 516 1464; x_wconf 74' lang='lat' dir='ltr'>Mantiues,</span> <span class='ocrx_word' id='word_1_67' title='bbox 547 1388 672 1452; x_wconf 85' lang='lat' dir='ltr'>Edessa</span> <span class='ocrx_word' id='word_1_68' title='bbox 693 1393 922 1470; x_wconf 79' lang='lat' dir='ltr'>Macedoniae,</span> <span class='ocrx_word' id='word_1_69' title='bbox 959 1408 993 1457; x_wconf 86' lang='lat' dir='ltr'>et</span> <span class='ocrx_word' id='word_1_70' title='bbox 1029 1396 1101 1461; x_wconf 87' lang='lat' dir='ltr'>dos.</span> <span class='ocrx_word' id='word_1_71' title='bbox 1248 1390 1250 1396; x_wconf 68' lang='grc'>’</span> <span class='ocrx_word' id='word_1_72' title='bbox 1498 1469 1502 1477; x_wconf 55' lang='grc'><em>,</em></span> 
     </span>
    </p>

    <p class='ocr_par' dir='ltr' id='par_1_3' title="bbox 221 1491 1792 3190">
     <span class='ocr_line' id='line_1_9' title="bbox 233 1491 1792 1576; baseline 0.003 -18"><span class='ocrx_word' id='word_1_73' title='bbox 233 1499 376 1575; x_wconf 67' lang='lat' dir='ltr'>Ancyra,</span> <span class='ocrx_word' id='word_1_74' title='bbox 417 1505 472 1555; x_wconf 90' lang='lat' dir='ltr'>aut</span> <span class='ocrx_word' id='word_1_75' title='bbox 506 1503 599 1554; x_wconf 84' lang='lat' dir='ltr'>setus</span> <span class='ocrx_word' id='word_1_76' title='bbox 635 1491 780 1573; x_wconf 82' lang='lat' dir='ltr'>junxisse</span> <span class='ocrx_word' id='word_1_77' title='bbox 823 1514 897 1558; x_wconf 84' lang='lat' dir='ltr'>curn</span> <span class='ocrx_word' id='word_1_78' title='bbox 940 1494 996 1559; x_wconf 89' lang='lat' dir='ltr'>ad·</span> <span class='ocrx_word' id='word_1_79' title='bbox 1071 1497 1109 1557; x_wconf 91' lang='lat' dir='ltr'>ln</span> <span class='ocrx_word' id='word_1_80' title='bbox 1141 1497 1287 1572; x_wconf 79' lang='lat' dir='ltr'>Epochae</span> <span class='ocrx_word' id='word_1_81' title='bbox 1324 1493 1388 1576; x_wconf 83' lang='lat' dir='ltr'>jam</span> <span class='ocrx_word' id='word_1_82' title='bbox 1416 1495 1512 1558; x_wconf 87' lang='lat' dir='ltr'>etism</span> <span class='ocrx_word' id='word_1_83' title='bbox 1549 1495 1721 1560; x_wconf 80' lang='lat' dir='ltr'>exordium</span> <span class='ocrx_word' id='word_1_84' title='bbox 1744 1502 1792 1563; x_wconf 60' lang='lat' dir='ltr'>iu.</span> 
     </span>
     <span class='ocr_line' id='line_1_10' title="bbox 232 1570 1792 1682; baseline 0.002 -23"><span class='ocrx_word' id='word_1_85' title='bbox 232 1593 367 1658; x_wconf 79' lang='lat' dir='ltr'>ventitio</span> <span class='ocrx_word' id='word_1_86' title='bbox 387 1591 523 1654; x_wconf 86' lang='lat' dir='ltr'>honoris</span> <span class='ocrx_word' id='word_1_87' title='bbox 552 1589 732 1666; x_wconf 78' lang='lat' dir='ltr'>vocabulo,</span> <span class='ocrx_word' id='word_1_88' title='bbox 764 1593 873 1677; x_wconf 77' lang='lat' dir='ltr'>cujus,</span> <span class='ocrx_word' id='word_1_89' title='bbox 904 1595 992 1681; x_wconf 88' lang='lat' dir='ltr'>qnod</span> <span class='ocrx_word' id='word_1_90' title='bbox 1030 1595 1235 1682; x_wconf 86' lang='lat' dir='ltr'>quirendum.</span> <span class='ocrx_word' id='word_1_91' title='bbox 1279 1593 1382 1674; x_wconf 80' lang='lat' dir='ltr'>illusi,</span> <span class='ocrx_word' id='word_1_92' title='bbox 1404 1570 1493 1681; x_wconf 81' lang='lat' dir='ltr'>quod</span> <span class='ocrx_word' id='word_1_93' title='bbox 1518 1593 1684 1662; x_wconf 77' lang='lat' dir='ltr'>dictavere</span> <span class='ocrx_word' id='word_1_94' title='bbox 1703 1601 1792 1667; x_wconf 80' lang='lat' dir='ltr'>Vell-</span> 
     </span>
     <span class='ocr_line' id='line_1_11' title="bbox 231 1691 1791 1783; baseline 0.005 -27"><span class='ocrx_word' id='word_1_95' title='bbox 231 1709 306 1758; x_wconf 83' lang='lat' dir='ltr'>nutu</span> <span class='ocrx_word' id='word_1_96' title='bbox 333 1708 425 1770; x_wconf 88' lang='lat' dir='ltr'>sunt,</span> <span class='ocrx_word' id='word_1_97' title='bbox 455 1693 604 1778; x_wconf 87' lang='lat' dir='ltr'>exempla</span> <span class='ocrx_word' id='word_1_98' title='bbox 634 1691 766 1754; x_wconf 80' lang='lat' dir='ltr'>adferre</span> <span class='ocrx_word' id='word_1_99' title='bbox 796 1695 897 1778; x_wconf 80' lang='lat' dir='ltr'>piget.</span> <span class='ocrx_word' id='word_1_100' title='bbox 947 1699 992 1764; x_wconf 86' lang='lat' dir='ltr'>Vt</span> <span class='ocrx_word' id='word_1_101' title='bbox 1029 1693 1414 1773; x_wconf 80' lang='lat' dir='ltr'>lautiusstttardutnus,</span> <span class='ocrx_word' id='word_1_102' title='bbox 1436 1697 1666 1783; x_wconf 82' lang='lat' dir='ltr'>jamreintsvi.</span> <span class='ocrx_word' id='word_1_103' title='bbox 1707 1701 1791 1764; x_wconf 84' lang='lat' dir='ltr'>Eru-</span> 
     </span>
     <span class='ocr_line' id='line_1_12' title="bbox 231 1794 1790 1880; baseline 0.001 -18"><span class='ocrx_word' id='word_1_104' title='bbox 231 1794 442 1862; x_wconf 81' lang='lat' dir='ltr'>concordiam</span> <span class='ocrx_word' id='word_1_105' title='bbox 471 1795 559 1858; x_wconf 85' lang='lat' dir='ltr'>iuter</span> <span class='ocrx_word' id='word_1_106' title='bbox 587 1808 759 1878; x_wconf 82' lang='lat' dir='ltr'>utramque</span> <span class='ocrx_word' id='word_1_107' title='bbox 785 1796 900 1858; x_wconf 86' lang='lat' dir='ltr'>urbem</span> <span class='ocrx_word' id='word_1_108' title='bbox 933 1799 992 1860; x_wconf 91' lang='lat' dir='ltr'>iui·</span> <span class='ocrx_word' id='word_1_109' title='bbox 1029 1797 1098 1859; x_wconf 83' lang='lat' dir='ltr'>dito</span> <span class='ocrx_word' id='word_1_110' title='bbox 1121 1795 1218 1860; x_wconf 86' lang='lat' dir='ltr'>Wise</span> <span class='ocrx_word' id='word_1_111' title='bbox 1239 1795 1360 1880; x_wconf 75' lang='lat' dir='ltr'>placuit</span> <span class='ocrx_word' id='word_1_112' title='bbox 1383 1817 1485 1859; x_wconf 87' lang='lat' dir='ltr'>annus</span> <span class='ocrx_word' id='word_1_113' title='bbox 1504 1795 1546 1864; x_wconf 99' lang='lat' dir='ltr'>V.</span> <span class='ocrx_word' id='word_1_114' title='bbox 1572 1799 1608 1864; x_wconf 84' lang='lat' dir='ltr'>C.</span> <span class='ocrx_word' id='word_1_115' title='bbox 1631 1800 1703 1879; x_wconf 76' lang='lat'><strong>788.</strong></span> <span class='ocrx_word' id='word_1_116' title='bbox 1727 1801 1790 1864; x_wconf 81' lang='lat' dir='ltr'>nd-</span> 
     </span>
     <span class='ocr_line' id='line_1_13' title="bbox 229 1893 1790 1982; baseline 0.001 -20"><span class='ocrx_word' id='word_1_117' title='bbox 229 1911 294 1962; x_wconf 83' lang='lat' dir='ltr'>tutn</span> <span class='ocrx_word' id='word_1_118' title='bbox 329 1897 519 1982; x_wconf 84' lang='lat' dir='ltr'>opinemur,</span> <span class='ocrx_word' id='word_1_119' title='bbox 549 1894 638 1957; x_wconf 87' lang='lat' dir='ltr'>nullu</span> <span class='ocrx_word' id='word_1_120' title='bbox 673 1907 763 1958; x_wconf 83' lang='lat' dir='ltr'>certa</span> <span class='ocrx_word' id='word_1_121' title='bbox 797 1897 883 1960; x_wconf 81' lang='lat' dir='ltr'>ratio</span> <span class='ocrx_word' id='word_1_122' title='bbox 920 1917 991 1960; x_wconf 89' lang='lat' dir='ltr'>sua·</span> <span class='ocrx_word' id='word_1_123' title='bbox 1029 1895 1105 1960; x_wconf 89' lang='lat' dir='ltr'>dltis</span> <span class='ocrx_word' id='word_1_124' title='bbox 1135 1893 1212 1958; x_wconf 86' lang='lat' dir='ltr'>huic</span> <span class='ocrx_word' id='word_1_125' title='bbox 1241 1897 1332 1958; x_wconf 87' lang='lat' dir='ltr'>annis</span> <span class='ocrx_word' id='word_1_126' title='bbox 1371 1916 1440 1979; x_wconf 81' lang='lat' dir='ltr'>s7s.</span> <span class='ocrx_word' id='word_1_127' title='bbox 1473 1898 1632 1962; x_wconf 81' lang='lat' dir='ltr'>habemus</span> <span class='ocrx_word' id='word_1_128' title='bbox 1670 1923 1790 1964; x_wconf 87' lang='lat' dir='ltr'>annunt</span> 
     </span>
     <span class='ocr_line' id='line_1_14' title="bbox 221 1993 1790 2082; baseline 0.001 -23"><span class='ocrx_word' id='word_1_129' title='bbox 221 1993 302 2070; x_wconf 79' lang='lat' dir='ltr'>siet,</span> <span class='ocrx_word' id='word_1_130' title='bbox 332 2011 366 2062; x_wconf 82' lang='lat' dir='ltr'>et</span> <span class='ocrx_word' id='word_1_131' title='bbox 385 1997 480 2061; x_wconf 79' lang='lat' dir='ltr'>fuere</span> <span class='ocrx_word' id='word_1_132' title='bbox 504 1995 675 2080; x_wconf 84' lang='lat' dir='ltr'>antiquarii</span> <span class='ocrx_word' id='word_1_133' title='bbox 700 1994 828 2078; x_wconf 82' lang='lat' dir='ltr'>priores</span> <span class='ocrx_word' id='word_1_134' title='bbox 853 1995 990 2060; x_wconf 87' lang='lat' dir='ltr'>nimium</span> <span class='ocrx_word' id='word_1_135' title='bbox 1027 1999 1067 2063; x_wconf 96' lang='lat' dir='ltr'>V.</span> <span class='ocrx_word' id='word_1_136' title='bbox 1084 1999 1127 2060; x_wconf 76' lang='grc' dir='ltr'>Ὁ.</span> <span class='ocrx_word' id='word_1_137' title='bbox 1152 1996 1224 2076; x_wconf 70' lang='lat' dir='ltr'>ndo.</span> <span class='ocrx_word' id='word_1_138' title='bbox 1246 1997 1280 2057; x_wconf 90' lang='lat' dir='ltr'>in</span> <span class='ocrx_word' id='word_1_139' title='bbox 1305 1997 1396 2079; x_wconf 88' lang='lat' dir='ltr'>cujus</span> <span class='ocrx_word' id='word_1_140' title='bbox 1417 2011 1571 2061; x_wconf 84' lang='lat' dir='ltr'>autumno</span> <span class='ocrx_word' id='word_1_141' title='bbox 1594 1999 1705 2082; x_wconf 83' lang='lat' dir='ltr'>coepit</span> <span class='ocrx_word' id='word_1_142' title='bbox 1732 2023 1790 2062; x_wconf 89' lang='lat' dir='ltr'>en.</span> 
     </span>
     <span class='ocr_line' id='line_1_15' title="bbox 227 2095 1786 2182; baseline 0 -18"><span class='ocrx_word' id='word_1_143' title='bbox 227 2121 325 2182; x_wconf 87' lang='lat' dir='ltr'>seepe</span> <span class='ocrx_word' id='word_1_144' title='bbox 349 2098 504 2163; x_wconf 84' lang='lat' dir='ltr'>liberales</span> <span class='ocrx_word' id='word_1_145' title='bbox 529 2097 561 2158; x_wconf 92' lang='lat' dir='ltr'>in</span> <span class='ocrx_word' id='word_1_146' title='bbox 585 2119 623 2160; x_wconf 85' lang='lat' dir='ltr'>ea</span> <span class='ocrx_word' id='word_1_147' title='bbox 643 2117 685 2158; x_wconf 87' lang='lat' dir='ltr'>ex</span> <span class='ocrx_word' id='word_1_148' title='bbox 713 2097 820 2158; x_wconf 85' lang='lat' dir='ltr'>nutnis</span> <span class='ocrx_word' id='word_1_149' title='bbox 850 2111 992 2161; x_wconf 81' lang='lat' dir='ltr'>statuen·</span> <span class='ocrx_word' id='word_1_150' title='bbox 1026 2117 1087 2158; x_wconf 89' lang='lat' dir='ltr'>nus</span> <span class='ocrx_word' id='word_1_151' title='bbox 1105 2095 1322 2159; x_wconf 84' lang='lat' dir='ltr'>Cumanorum</span> <span class='ocrx_word' id='word_1_152' title='bbox 1350 2117 1417 2178; x_wconf 86' lang='lat'><strong>¹7¹·</strong></span> <span class='ocrx_word' id='word_1_153' title='bbox 1461 2101 1596 2164; x_wconf 83' lang='lat' dir='ltr'>Attum</span> <span class='ocrx_word' id='word_1_154' title='bbox 1622 2103 1786 2166; x_wconf 83' lang='lat' dir='ltr'>Caracalla</span> 
     </span>
     <span class='ocr_line' id='line_1_16' title="bbox 228 2195 1789 2292; baseline 0 -28"><span class='ocrx_word' id='word_1_155' title='bbox 228 2195 292 2276; x_wconf 76' lang='lat' dir='ltr'>da,</span> <span class='ocrx_word' id='word_1_156' title='bbox 336 2219 475 2286; x_wconf 87' lang='lat' dir='ltr'>quorum</span> <span class='ocrx_word' id='word_1_157' title='bbox 525 2217 684 2282; x_wconf 88' lang='lat' dir='ltr'>praeceps</span> <span class='ocrx_word' id='word_1_158' title='bbox 726 2195 884 2280; x_wconf 86' lang='lat' dir='ltr'>judicium</span> <span class='ocrx_word' id='word_1_159' title='bbox 925 2199 989 2281; x_wconf 83' lang='lat' dir='ltr'>jaus</span> <span class='ocrx_word' id='word_1_160' title='bbox 1026 2197 1295 2260; x_wconf 88' lang='lat' dir='ltr'>annumcirciter</span> <span class='ocrx_word' id='word_1_161' title='bbox 1316 2197 1438 2264; x_wconf 86' lang='lat' dir='ltr'><strong>xvnt.</strong></span> <span class='ocrx_word' id='word_1_162' title='bbox 1464 2201 1600 2285; x_wconf 79' lang='lat' dir='ltr'>agebat,</span> <span class='ocrx_word' id='word_1_163' title='bbox 1631 2221 1704 2265; x_wconf 89' lang='lat' dir='ltr'>cum</span> <span class='ocrx_word' id='word_1_164' title='bbox 1725 2225 1789 2292; x_wconf 88' lang='lat' dir='ltr'>qus</span> 
     </span>
     <span class='ocr_line' id='line_1_17' title="bbox 226 2296 1788 2390; baseline 0 -28"><span class='ocrx_word' id='word_1_165' title='bbox 226 2301 418 2386; x_wconf 83' lang='lat' dir='ltr'>perstrinxit</span> <span class='ocrx_word' id='word_1_166' title='bbox 440 2299 653 2376; x_wconf 88' lang='lat' dir='ltr'>Pellerinius,</span> <span class='ocrx_word' id='word_1_167' title='bbox 686 2311 720 2362; x_wconf 87' lang='lat' dir='ltr'>et</span> <span class='ocrx_word' id='word_1_168' title='bbox 740 2311 914 2381; x_wconf 85' lang='lat' dir='ltr'>supersunt</span> <span class='ocrx_word' id='word_1_169' title='bbox 934 2297 991 2362; x_wconf 89' lang='lat' dir='ltr'>sd·</span> <span class='ocrx_word' id='word_1_170' title='bbox 1026 2309 1131 2360; x_wconf 86' lang='lat' dir='ltr'>aetate</span> <span class='ocrx_word' id='word_1_171' title='bbox 1172 2296 1343 2359; x_wconf 89' lang='lat' dir='ltr'>liberalior</span> <span class='ocrx_word' id='word_1_172' title='bbox 1379 2297 1495 2380; x_wconf 87' lang='lat' dir='ltr'>barba,</span> <span class='ocrx_word' id='word_1_173' title='bbox 1536 2325 1632 2390; x_wconf 85' lang='lat' dir='ltr'>quam</span> <span class='ocrx_word' id='word_1_174' title='bbox 1670 2325 1788 2366; x_wconf 83' lang='lat' dir='ltr'>numus</span> 
     </span>
     <span class='ocr_line' id='line_1_18' title="bbox 226 2395 1787 2487; baseline 0.002 -24"><span class='ocrx_word' id='word_1_175' title='bbox 226 2401 310 2479; x_wconf 88' lang='lat' dir='ltr'>huc,</span> <span class='ocrx_word' id='word_1_176' title='bbox 334 2421 416 2487; x_wconf 92' lang='lat' dir='ltr'>quae</span> <span class='ocrx_word' id='word_1_177' title='bbox 441 2421 579 2465; x_wconf 86' lang='lat' dir='ltr'>censore</span> <span class='ocrx_word' id='word_1_178' title='bbox 601 2411 711 2482; x_wconf 79' lang='lat' dir='ltr'>egent.</span> <span class='ocrx_word' id='word_1_179' title='bbox 764 2399 849 2461; x_wconf 89' lang='lat' dir='ltr'>Sane</span> <span class='ocrx_word' id='word_1_180' title='bbox 869 2398 904 2459; x_wconf 92' lang='lat' dir='ltr'>in</span> <span class='ocrx_word' id='word_1_181' title='bbox 926 2399 988 2476; x_wconf 89' lang='lat' dir='ltr'>his,</span> <span class='ocrx_word' id='word_1_182' title='bbox 1025 2395 1141 2474; x_wconf 81' lang='lat' dir='ltr'>offert,</span> <span class='ocrx_word' id='word_1_183' title='bbox 1171 2399 1324 2482; x_wconf 91' lang='lat' dir='ltr'>componi</span> <span class='ocrx_word' id='word_1_184' title='bbox 1348 2417 1414 2459; x_wconf 93' lang='lat' dir='ltr'>non</span> <span class='ocrx_word' id='word_1_185' title='bbox 1440 2413 1560 2482; x_wconf 89' lang='lat' dir='ltr'>potest.</span> <span class='ocrx_word' id='word_1_186' title='bbox 1612 2405 1706 2466; x_wconf 86' lang='lat' dir='ltr'>Hanc</span> <span class='ocrx_word' id='word_1_187' title='bbox 1730 2405 1787 2467; x_wconf 86' lang='lat' dir='ltr'>Ca·</span> 
     </span>
     <span class='ocr_line' id='line_1_19' title="bbox 225 2497 1787 2588; baseline 0.001 -22"><span class='ocrx_word' id='word_1_188' title='bbox 225 2504 269 2566; x_wconf 88' lang='lat' dir='ltr'>de</span> <span class='ocrx_word' id='word_1_189' title='bbox 308 2503 424 2586; x_wconf 88' lang='lat' dir='ltr'>quibus</span> <span class='ocrx_word' id='word_1_190' title='bbox 463 2503 608 2584; x_wconf 80' lang='lat' dir='ltr'>egimus,</span> <span class='ocrx_word' id='word_1_191' title='bbox 650 2497 756 2560; x_wconf 87' lang='lat' dir='ltr'>numia</span> <span class='ocrx_word' id='word_1_192' title='bbox 797 2499 889 2562; x_wconf 83' lang='lat' dir='ltr'>abest</span> <span class='ocrx_word' id='word_1_193' title='bbox 925 2520 989 2563; x_wconf 82' lang='lat' dir='ltr'>vox</span> <span class='ocrx_word' id='word_1_194' title='bbox 1023 2499 1143 2561; x_wconf 84' lang='lat' dir='ltr'>racalla</span> <span class='ocrx_word' id='word_1_195' title='bbox 1156 2499 1297 2583; x_wconf 87' lang='lat' dir='ltr'>primunt</span> <span class='ocrx_word' id='word_1_196' title='bbox 1315 2498 1486 2584; x_wconf 84' lang='lat' dir='ltr'>adpendit,</span> <span class='ocrx_word' id='word_1_197' title='bbox 1511 2521 1584 2564; x_wconf 89' lang='lat' dir='ltr'>cum</span> <span class='ocrx_word' id='word_1_198' title='bbox 1599 2504 1675 2568; x_wconf 87' lang='lat' dir='ltr'>trib.</span> <span class='ocrx_word' id='word_1_199' title='bbox 1695 2517 1787 2588; x_wconf 83' lang='lat' dir='ltr'>pote·</span> 
     </span>
     <span class='ocr_line' id='line_1_20' title="bbox 224 2599 1786 2687; baseline 0 -19"><span class='ocrx_word' id='word_1_200' title='bbox 224 2601 453 2676; x_wconf 74' lang='lat' dir='ltr'>ottonom,</span> <span class='ocrx_word' id='word_1_201' title='bbox 490 2617 523 2666; x_wconf 87' lang='lat' dir='ltr'>et</span> <span class='ocrx_word' id='word_1_202' title='bbox 552 2619 627 2664; x_wconf 88' lang='lat' dir='ltr'>com</span> <span class='ocrx_word' id='word_1_203' title='bbox 648 2599 682 2659; x_wconf 93' lang='lat' dir='ltr'>in</span> <span class='ocrx_word' id='word_1_204' title='bbox 709 2599 818 2662; x_wconf 86' lang='lat' dir='ltr'>numia</span> <span class='ocrx_word' id='word_1_205' title='bbox 846 2602 989 2664; x_wconf 86' lang='lat' dir='ltr'>Concor-</span> <span class='ocrx_word' id='word_1_206' title='bbox 1023 2611 1137 2662; x_wconf 89' lang='lat' dir='ltr'>statem</span> <span class='ocrx_word' id='word_1_207' title='bbox 1163 2599 1237 2658; x_wconf 75' lang='grc' dir='ltr'>ΧΠ.</span> <span class='ocrx_word' id='word_1_208' title='bbox 1263 2613 1466 2677; x_wconf 86' lang='lat' dir='ltr'>numeraret,</span> <span class='ocrx_word' id='word_1_209' title='bbox 1498 2615 1531 2664; x_wconf 88' lang='lat' dir='ltr'>ut</span> <span class='ocrx_word' id='word_1_210' title='bbox 1564 2601 1651 2663; x_wconf 89' lang='lat' dir='ltr'>istud</span> <span class='ocrx_word' id='word_1_211' title='bbox 1679 2605 1786 2687; x_wconf 89' lang='lat' dir='ltr'>iuspe-</span> 
     </span>
     <span class='ocr_line' id='line_1_21' title="bbox 225 2699 1784 2786; baseline 0.002 -21"><span class='ocrx_word' id='word_1_212' title='bbox 225 2702 304 2766; x_wconf 88' lang='lat' dir='ltr'>dise·</span> <span class='ocrx_word' id='word_1_213' title='bbox 330 2703 500 2786; x_wconf 84' lang='lat' dir='ltr'>utriusque</span> <span class='ocrx_word' id='word_1_214' title='bbox 536 2701 646 2775; x_wconf 82' lang='lat' dir='ltr'>urbis,</span> <span class='ocrx_word' id='word_1_215' title='bbox 677 2701 771 2786; x_wconf 88' lang='lat' dir='ltr'>cujus</span> <span class='ocrx_word' id='word_1_216' title='bbox 806 2701 840 2762; x_wconf 92' lang='lat' dir='ltr'>in</span> <span class='ocrx_word' id='word_1_217' title='bbox 873 2700 913 2763; x_wconf 87' lang='lat' dir='ltr'>iis</span> <span class='ocrx_word' id='word_1_218' title='bbox 949 2699 986 2765; x_wconf 84' lang='lat' dir='ltr'>fit</span> <span class='ocrx_word' id='word_1_219' title='bbox 1023 2715 1074 2762; x_wconf 85' lang='lat' dir='ltr'>cta</span> <span class='ocrx_word' id='word_1_220' title='bbox 1098 2699 1316 2784; x_wconf 81' lang='lat' dir='ltr'>locupletiore</span> <span class='ocrx_word' id='word_1_221' title='bbox 1351 2721 1462 2763; x_wconf 84' lang='lat' dir='ltr'>musea</span> <span class='ocrx_word' id='word_1_222' title='bbox 1484 2702 1652 2765; x_wconf 89' lang='lat' dir='ltr'>luculente</span> <span class='ocrx_word' id='word_1_223' title='bbox 1678 2719 1784 2768; x_wconf 86' lang='lat' dir='ltr'>osten-</span> 
     </span>
     <span class='ocr_line' id='line_1_22' title="bbox 225 2788 1783 2888; baseline -0.001 -20"><span class='ocrx_word' id='word_1_224' title='bbox 225 2788 367 2881; x_wconf 80' lang='lat' dir='ltr'>mentio,</span> <span class='ocrx_word' id='word_1_225' title='bbox 408 2822 585 2884; x_wconf 85' lang='lat' dir='ltr'>expressus</span> <span class='ocrx_word' id='word_1_226' title='bbox 628 2803 824 2887; x_wconf 84' lang='lat' dir='ltr'>plerumque</span> <span class='ocrx_word' id='word_1_227' title='bbox 860 2801 901 2864; x_wconf 86' lang='lat' dir='ltr'>sit</span> <span class='ocrx_word' id='word_1_228' title='bbox 937 2813 986 2883; x_wconf 81' lang='lat' dir='ltr'>ty·</span> <span class='ocrx_word' id='word_1_229' title='bbox 1021 2800 1112 2865; x_wconf 88' lang='lat' dir='ltr'>dunt.</span> <span class='ocrx_word' id='word_1_230' title='bbox 1154 2799 1267 2864; x_wconf 83' lang='lat' dir='ltr'>ttatttt</span> <span class='ocrx_word' id='word_1_231' title='bbox 1294 2799 1412 2884; x_wconf 81' lang='lat' dir='ltr'>obtigit</span> <span class='ocrx_word' id='word_1_232' title='bbox 1438 2805 1478 2869; x_wconf 91' lang='lat' dir='ltr'>V.</span> <span class='ocrx_word' id='word_1_233' title='bbox 1500 2805 1536 2869; x_wconf 85' lang='lat' dir='ltr'>C.</span> <span class='ocrx_word' id='word_1_234' title='bbox 1556 2803 1649 2883; x_wconf 68' lang='lat' dir='ltr'>obn,</span> <span class='ocrx_word' id='word_1_235' title='bbox 1680 2803 1783 2888; x_wconf 80' lang='lat' dir='ltr'>igitur</span> 
     </span>
     <span class='ocr_line' id='line_1_23' title="bbox 225 2901 1782 2987; baseline -0.002 -20"><span class='ocrx_word' id='word_1_236' title='bbox 225 2926 301 2987; x_wconf 90' lang='lat' dir='ltr'>pus,</span> <span class='ocrx_word' id='word_1_237' title='bbox 331 2905 363 2965; x_wconf 94' lang='lat' dir='ltr'>in</span> <span class='ocrx_word' id='word_1_238' title='bbox 394 2903 446 2964; x_wconf 87' lang='lat' dir='ltr'>hia</span> <span class='ocrx_word' id='word_1_239' title='bbox 475 2903 620 2985; x_wconf 88' lang='lat' dir='ltr'>simplex</span> <span class='ocrx_word' id='word_1_240' title='bbox 644 2915 766 2967; x_wconf 85' lang='lat' dir='ltr'>tantum</span> <span class='ocrx_word' id='word_1_241' title='bbox 796 2917 858 2966; x_wconf 85' lang='lat' dir='ltr'>est.</span> <span class='ocrx_word' id='word_1_242' title='bbox 899 2901 985 2966; x_wconf 81' lang='lat' dir='ltr'>Nori</span> <span class='ocrx_word' id='word_1_243' title='bbox 1020 2921 1124 2964; x_wconf 90' lang='lat' dir='ltr'>annus</span> <span class='ocrx_word' id='word_1_244' title='bbox 1161 2903 1411 2966; x_wconf 74' lang='lat' dir='ltr'>comanensium</span> <span class='ocrx_word' id='word_1_245' title='bbox 1451 2922 1519 2982; x_wconf 74' lang='lat'>¹72·</span> <span class='ocrx_word' id='word_1_246' title='bbox 1556 2905 1712 2967; x_wconf 85' lang='lat' dir='ltr'>anteriori</span> <span class='ocrx_word' id='word_1_247' title='bbox 1742 2907 1782 2975; x_wconf 81' lang='lat' dir='ltr'>V.</span> 
     </span>
     <span class='ocr_line' id='line_1_24' title="bbox 222 3002 1783 3090; baseline 0.003 -24"><span class='ocrx_word' id='word_1_248' title='bbox 222 3023 285 3086; x_wconf 91' lang='lat' dir='ltr'>pet·</span> <span class='ocrx_word' id='word_1_249' title='bbox 304 3005 475 3087; x_wconf 86' lang='lat' dir='ltr'>utriusque</span> <span class='ocrx_word' id='word_1_250' title='bbox 499 3002 626 3066; x_wconf 83' lang='lat' dir='ltr'>criterii</span> <span class='ocrx_word' id='word_1_251' title='bbox 648 3003 826 3069; x_wconf 83' lang='lat' dir='ltr'>absentiam</span> <span class='ocrx_word' id='word_1_252' title='bbox 853 3003 986 3066; x_wconf 87' lang='lat' dir='ltr'>esiden·</span> <span class='ocrx_word' id='word_1_253' title='bbox 1021 3005 1057 3066; x_wconf 92' lang='lat' dir='ltr'>C.</span> <span class='ocrx_word' id='word_1_254' title='bbox 1088 3019 1172 3063; x_wconf 87' lang='lat' dir='ltr'>anno</span> <span class='ocrx_word' id='word_1_255' title='bbox 1201 3004 1405 3085; x_wconf 87' lang='lat' dir='ltr'>respondere</span> <span class='ocrx_word' id='word_1_256' title='bbox 1434 3003 1563 3090; x_wconf 84' lang='lat' dir='ltr'>nequit3</span> <span class='ocrx_word' id='word_1_257' title='bbox 1592 3023 1700 3088; x_wconf 85' lang='lat' dir='ltr'>neque</span> <span class='ocrx_word' id='word_1_258' title='bbox 1731 3025 1783 3069; x_wconf 85' lang='lat' dir='ltr'>re-</span> 
     </span>
     <span class='ocr_line' id='line_1_25' title="bbox 222 3099 1784 3190; baseline 0.001 -23"><span class='ocrx_word' id='word_1_259' title='bbox 222 3119 275 3168; x_wconf 87' lang='lat' dir='ltr'>tes</span> <span class='ocrx_word' id='word_1_260' title='bbox 298 3105 391 3186; x_wconf 74' lang='lat' dir='ltr'>urget</span> <span class='ocrx_word' id='word_1_261' title='bbox 412 3121 477 3164; x_wconf 90' lang='lat' dir='ltr'>nun</span> <span class='ocrx_word' id='word_1_262' title='bbox 504 3125 620 3188; x_wconf 82' lang='lat' dir='ltr'>posse,</span> <span class='ocrx_word' id='word_1_263' title='bbox 653 3127 718 3168; x_wconf 92' lang='lat' dir='ltr'>non</span> <span class='ocrx_word' id='word_1_264' title='bbox 740 3105 848 3168; x_wconf 87' lang='lat' dir='ltr'>notari</span> <span class='ocrx_word' id='word_1_265' title='bbox 877 3105 910 3166; x_wconf 92' lang='lat' dir='ltr'>in</span> <span class='ocrx_word' id='word_1_266' title='bbox 934 3105 983 3166; x_wconf 90' lang='lat' dir='ltr'>his</span> <span class='ocrx_word' id='word_1_267' title='bbox 1021 3101 1183 3188; x_wconf 87' lang='lat' dir='ltr'>spondere</span> <span class='ocrx_word' id='word_1_268' title='bbox 1199 3115 1308 3189; x_wconf 85' lang='lat' dir='ltr'>potest</span> <span class='ocrx_word' id='word_1_269' title='bbox 1324 3100 1437 3184; x_wconf 73' lang='lat' dir='ltr'>alteri,</span> <span class='ocrx_word' id='word_1_270' title='bbox 1467 3105 1523 3188; x_wconf 89' lang='lat' dir='ltr'>qui</span> <span class='ocrx_word' id='word_1_271' title='bbox 1548 3105 1590 3166; x_wconf 88' lang='lat' dir='ltr'>sit</span> <span class='ocrx_word' id='word_1_272' title='bbox 1617 3099 1784 3190; x_wconf 84' lang='lat' dir='ltr'>posterior</span> 
     </span>
    </p>
   </div>
   <div class='ocr_carea' id='block_1_3' title="bbox 223 3201 1916 3289">
    <p class='ocr_par' dir='ltr' id='par_1_4' title="bbox 223 3201 1916 3289">
     <span class='ocr_line' id='line_1_26' title="bbox 223 3201 1916 3289; baseline -0.002 -21"><span class='ocrx_word' id='word_1_273' title='bbox 223 3206 329 3268; x_wconf 86' lang='lat' dir='ltr'>noscis</span> <span class='ocrx_word' id='word_1_274' title='bbox 362 3202 588 3282; x_wconf 82' lang='lat' dir='ltr'>concordium,</span> <span class='ocrx_word' id='word_1_275' title='bbox 623 3221 656 3271; x_wconf 90' lang='lat' dir='ltr'>at</span> <span class='ocrx_word' id='word_1_276' title='bbox 693 3225 768 3270; x_wconf 86' lang='lat' dir='ltr'>cum</span> <span class='ocrx_word' id='word_1_277' title='bbox 809 3216 983 3289; x_wconf 85' lang='lat' dir='ltr'>utrumque</span> <span class='ocrx_word' id='word_1_278' title='bbox 1019 3223 1103 3266; x_wconf 89' lang='lat' dir='ltr'>anno</span> <span class='ocrx_word' id='word_1_279' title='bbox 1126 3203 1214 3283; x_wconf 60' lang='lat' dir='ltr'>pom,</span> <span class='ocrx_word' id='word_1_280' title='bbox 1243 3221 1316 3265; x_wconf 90' lang='lat' dir='ltr'>nant</span> <span class='ocrx_word' id='word_1_281' title='bbox 1351 3201 1415 3268; x_wconf 88' lang='lat' dir='ltr'>hoc</span> <span class='ocrx_word' id='word_1_282' title='bbox 1440 3226 1523 3268; x_wconf 90' lang='lat' dir='ltr'>anno</span> <span class='ocrx_word' id='word_1_283' title='bbox 1554 3224 1666 3268; x_wconf 89' lang='lat' dir='ltr'>mense</span> <span class='ocrx_word' id='word_1_284' title='bbox 1698 3205 1784 3270; x_wconf 84' lang='lat' dir='ltr'>Feb·</span> <span class='ocrx_word' id='word_1_285' title='bbox 1906 3245 1916 3264; x_wconf 95' lang='lat'><strong>.</strong></span> 
     </span>
    </p>
   </div>
   <div class='ocr_carea' id='block_1_4' title="bbox 211 3299 1840 4398">
    <p class='ocr_par' dir='ltr' id='par_1_5' title="bbox 211 3299 1840 4398">
     <span class='ocr_line' id='line_1_27' title="bbox 223 3299 1782 3388; baseline 0.001 -20"><span class='ocrx_word' id='word_1_286' title='bbox 223 3306 324 3380; x_wconf 83' lang='lat' dir='ltr'>ebais,</span> <span class='ocrx_word' id='word_1_287' title='bbox 360 3306 476 3368; x_wconf 77' lang='lat' dir='ltr'>absunt</span> <span class='ocrx_word' id='word_1_288' title='bbox 517 3306 617 3387; x_wconf 82' lang='lat' dir='ltr'>etiam</span> <span class='ocrx_word' id='word_1_289' title='bbox 661 3309 744 3372; x_wconf 87' lang='lat' dir='ltr'>certi</span> <span class='ocrx_word' id='word_1_290' title='bbox 787 3303 984 3370; x_wconf 84' lang='lat' dir='ltr'>concordiae</span> <span class='ocrx_word' id='word_1_291' title='bbox 1019 3305 1130 3368; x_wconf 88' lang='lat' dir='ltr'>ruario</span> <span class='ocrx_word' id='word_1_292' title='bbox 1160 3321 1307 3368; x_wconf 87' lang='lat' dir='ltr'>mortuus</span> <span class='ocrx_word' id='word_1_293' title='bbox 1339 3317 1389 3367; x_wconf 83' lang='lat' dir='ltr'>est</span> <span class='ocrx_word' id='word_1_294' title='bbox 1419 3305 1582 3381; x_wconf 84' lang='lat' dir='ltr'>Severus,</span> <span class='ocrx_word' id='word_1_295' title='bbox 1620 3307 1652 3367; x_wconf 91' lang='lat' dir='ltr'>in</span> <span class='ocrx_word' id='word_1_296' title='bbox 1690 3299 1782 3388; x_wconf 84' lang='lat' dir='ltr'>cujus</span> 
     </span>
     <span class='ocr_line' id='line_1_28' title="bbox 222 3395 1783 3491; baseline -0.001 -19"><span class='ocrx_word' id='word_1_297' title='bbox 222 3407 446 3484; x_wconf 75' lang='lat' dir='ltr'>characteres,</span> <span class='ocrx_word' id='word_1_298' title='bbox 477 3421 510 3469; x_wconf 87' lang='lat' dir='ltr'>et</span> <span class='ocrx_word' id='word_1_299' title='bbox 539 3425 605 3468; x_wconf 92' lang='lat' dir='ltr'>non</span> <span class='ocrx_word' id='word_1_300' title='bbox 639 3395 789 3490; x_wconf 75' lang='lat' dir='ltr'>cogimur</span> <span class='ocrx_word' id='word_1_301' title='bbox 814 3427 885 3468; x_wconf 88' lang='lat' dir='ltr'>eant</span> <span class='ocrx_word' id='word_1_302' title='bbox 912 3425 984 3488; x_wconf 92' lang='lat' dir='ltr'>pro·</span> <span class='ocrx_word' id='word_1_303' title='bbox 1019 3425 1150 3491; x_wconf 87' lang='lat' dir='ltr'>quoqne</span> <span class='ocrx_word' id='word_1_304' title='bbox 1175 3427 1274 3470; x_wconf 91' lang='lat' dir='ltr'>numo</span> <span class='ocrx_word' id='word_1_305' title='bbox 1310 3406 1433 3489; x_wconf 80' lang='lat' dir='ltr'>legitur</span> <span class='ocrx_word' id='word_1_306' title='bbox 1460 3403 1548 3468; x_wconf 86' lang='lat' dir='ltr'>idum</span> <span class='ocrx_word' id='word_1_307' title='bbox 1582 3425 1684 3468; x_wconf 82' lang='lat' dir='ltr'>onnus</span> <span class='ocrx_word' id='word_1_308' title='bbox 1715 3427 1783 3490; x_wconf 84' lang='lat' dir='ltr'>s7u.</span> 
     </span>
     <span class='ocr_line' id='line_1_29' title="bbox 221 3504 1781 3590; baseline -0.002 -18"><span class='ocrx_word' id='word_1_309' title='bbox 221 3507 327 3580; x_wconf 80' lang='lat' dir='ltr'>fiteri,</span> <span class='ocrx_word' id='word_1_310' title='bbox 370 3527 443 3570; x_wconf 89' lang='lat' dir='ltr'>cusu</span> <span class='ocrx_word' id='word_1_311' title='bbox 487 3507 649 3590; x_wconf 77' lang='lat' dir='ltr'>aptiorem</span> <span class='ocrx_word' id='word_1_312' title='bbox 692 3509 791 3571; x_wconf 86' lang='lat' dir='ltr'>allusu</span> <span class='ocrx_word' id='word_1_313' title='bbox 828 3505 984 3567; x_wconf 84' lang='lat' dir='ltr'>hahemus</span> <span class='ocrx_word' id='word_1_314' title='bbox 1020 3504 1126 3589; x_wconf 79' lang='lat' dir='ltr'>igitur</span> <span class='ocrx_word' id='word_1_315' title='bbox 1149 3507 1276 3570; x_wconf 90' lang='lat' dir='ltr'>initium</span> <span class='ocrx_word' id='word_1_316' title='bbox 1303 3507 1450 3588; x_wconf 76' lang='lat' dir='ltr'>epochae</span> <span class='ocrx_word' id='word_1_317' title='bbox 1475 3505 1781 3570; x_wconf 84' lang='lat' dir='ltr'>ducendumestsls</span> 
     </span>
     <span class='ocr_line' id='line_1_30' title="bbox 221 3606 1783 3693; baseline -0.003 -23"><span class='ocrx_word' id='word_1_318' title='bbox 221 3609 429 3693; x_wconf 86' lang='lat' dir='ltr'>explicatum.</span> <span class='ocrx_word' id='word_1_319' title='bbox 470 3607 595 3670; x_wconf 84' lang='lat' dir='ltr'>Eodem</span> <span class='ocrx_word' id='word_1_320' title='bbox 624 3610 764 3674; x_wconf 91' lang='lat' dir='ltr'>consilio</span> <span class='ocrx_word' id='word_1_321' title='bbox 789 3607 983 3674; x_wconf 86' lang='lat' dir='ltr'>Vaillantios</span> <span class='ocrx_word' id='word_1_322' title='bbox 1020 3621 1174 3670; x_wconf 89' lang='lat' dir='ltr'>autumno</span> <span class='ocrx_word' id='word_1_323' title='bbox 1202 3608 1247 3670; x_wconf 86' lang='lat' dir='ltr'>V.</span> <span class='ocrx_word' id='word_1_324' title='bbox 1269 3606 1303 3668; x_wconf 86' lang='lat' dir='ltr'>C.</span> <span class='ocrx_word' id='word_1_325' title='bbox 1326 3623 1401 3690; x_wconf 75' lang='lat'>79¹·</span> <span class='ocrx_word' id='word_1_326' title='bbox 1436 3607 1488 3670; x_wconf 87' lang='lat' dir='ltr'>sel</span> <span class='ocrx_word' id='word_1_327' title='bbox 1524 3623 1616 3686; x_wconf 78' lang='lat'><strong>792.,</strong></span> <span class='ocrx_word' id='word_1_328' title='bbox 1646 3607 1702 3690; x_wconf 90' lang='lat' dir='ltr'>qui</span> <span class='ocrx_word' id='word_1_329' title='bbox 1733 3625 1783 3667; x_wconf 88' lang='lat' dir='ltr'>ro-</span> 
     </span>
     <span class='ocr_line' id='line_1_31' title="bbox 220 3702 1784 3794; baseline -0.003 -20"><span class='ocrx_word' id='word_1_330' title='bbox 220 3707 422 3794; x_wconf 77' lang='lat' dir='ltr'>epigraphess</span> <span class='ocrx_word' id='word_1_331' title='bbox 451 3702 635 3772; x_wconf 81' lang='grc' dir='ltr'><strong>ΙΕΡΟΠΟ.</strong></span> <span class='ocrx_word' id='word_1_332' title='bbox 655 3706 889 3773; x_wconf 76' lang='grc' dir='ltr'><strong>ΚΑΟΤΑΒΑ.</strong></span> <span class='ocrx_word' id='word_1_333' title='bbox 917 3727 981 3768; x_wconf 93' lang='lat' dir='ltr'>non</span> <span class='ocrx_word' id='word_1_334' title='bbox 999 3743 1003 3762; x_wconf 87' lang='lat'><strong>.</strong></span> <span class='ocrx_word' id='word_1_335' title='bbox 1020 3705 1182 3789; x_wconf 88' lang='lat' dir='ltr'>spondent</span> <span class='ocrx_word' id='word_1_336' title='bbox 1213 3707 1304 3768; x_wconf 85' lang='lat' dir='ltr'>annis</span> <span class='ocrx_word' id='word_1_337' title='bbox 1331 3707 1452 3767; x_wconf 85' lang='lat' dir='ltr'>Christi</span> <span class='ocrx_word' id='word_1_338' title='bbox 1477 3705 1530 3772; x_wconf 79' lang='grc'>33.</span> <span class='ocrx_word' id='word_1_339' title='bbox 1553 3708 1605 3789; x_wconf 76' lang='lat'>39.</span> <span class='ocrx_word' id='word_1_340' title='bbox 1644 3707 1784 3770; x_wconf 80' lang='lat' dir='ltr'>‘Refert</span> 
     </span>
     <span class='ocr_line' id='line_1_32' title="bbox 219 3804 1781 3894; baseline -0.002 -19"><span class='ocrx_word' id='word_1_341' title='bbox 219 3812 262 3875; x_wconf 85' lang='lat' dir='ltr'>de</span> <span class='ocrx_word' id='word_1_342' title='bbox 287 3811 372 3873; x_wconf 84' lang='lat' dir='ltr'>binis</span> <span class='ocrx_word' id='word_1_343' title='bbox 398 3808 536 3874; x_wconf 77' lang='lat' dir='ltr'>sisarsta</span> <span class='ocrx_word' id='word_1_344' title='bbox 557 3809 696 3872; x_wconf 83' lang='lat' dir='ltr'>urhihtss</span> <span class='ocrx_word' id='word_1_345' title='bbox 718 3810 824 3894; x_wconf 84' lang='lat' dir='ltr'>cepit,</span> <span class='ocrx_word' id='word_1_346' title='bbox 859 3805 983 3870; x_wconf 85' lang='lat' dir='ltr'>cedde</span> <span class='ocrx_word' id='word_1_347' title='bbox 1019 3809 1104 3886; x_wconf 89' lang='lat' dir='ltr'>Dio,</span> <span class='ocrx_word' id='word_1_348' title='bbox 1133 3807 1312 3892; x_wconf 75' lang='lat' dir='ltr'>Caligulam</span> <span class='ocrx_word' id='word_1_349' title='bbox 1336 3804 1510 3868; x_wconf 81' lang='lat' dir='ltr'>Polemoni</span> <span class='ocrx_word' id='word_1_350' title='bbox 1532 3807 1719 3872; x_wconf 84' lang='lat' dir='ltr'>Polemonis</span> <span class='ocrx_word' id='word_1_351' title='bbox 1742 3809 1781 3872; x_wconf 75' lang='lat' dir='ltr'>F.</span> 
     </span>
     <span class='ocr_line' id='line_1_33' title="bbox 216 3905 1840 3994; baseline -0.002 -18"><span class='ocrx_word' id='word_1_352' title='bbox 216 3912 394 3977; x_wconf 86' lang='lat' dir='ltr'>Csstalsalis</span> <span class='ocrx_word' id='word_1_353' title='bbox 426 3909 523 3984; x_wconf 83' lang='lat' dir='ltr'>selis,</span> <span class='ocrx_word' id='word_1_354' title='bbox 566 3929 650 3994; x_wconf 83' lang='lat' dir='ltr'>qaae</span> <span class='ocrx_word' id='word_1_355' title='bbox 681 3909 872 3992; x_wconf 66' lang='lat' dir='ltr'>Histropolis</span> <span class='ocrx_word' id='word_1_356' title='bbox 900 3927 982 3992; x_wconf 80' lang='lat' dir='ltr'>quo·</span> <span class='ocrx_word' id='word_1_357' title='bbox 1018 3928 1189 3994; x_wconf 89' lang='lat' dir='ltr'>paternum</span> <span class='ocrx_word' id='word_1_358' title='bbox 1207 3905 1400 3990; x_wconf 82' lang='lat' dir='ltr'>imperium,</span> <span class='ocrx_word' id='word_1_359' title='bbox 1421 3909 1560 3970; x_wconf 84' lang='lat' dir='ltr'>Pontum</span> <span class='ocrx_word' id='word_1_360' title='bbox 1581 3927 1720 3992; x_wconf 80' lang='lat' dir='ltr'>nempe,</span> <span class='ocrx_word' id='word_1_361' title='bbox 1740 3931 1781 3973; x_wconf 86' lang='lat' dir='ltr'>ex</span> <span class='ocrx_word' id='word_1_362' title='bbox 1837 3948 1840 3959; x_wconf 88' lang='lat'><strong>·</strong></span> 
     </span>
     <span class='ocr_line' id='line_1_34' title="bbox 217 4007 1779 4098; baseline -0.001 -21"><span class='ocrx_word' id='word_1_363' title='bbox 217 4031 282 4098; x_wconf 80' lang='lat' dir='ltr'>que</span> <span class='ocrx_word' id='word_1_364' title='bbox 306 4032 427 4076; x_wconf 86' lang='lat' dir='ltr'>nomeu</span> <span class='ocrx_word' id='word_1_365' title='bbox 449 4009 600 4073; x_wconf 85' lang='lat' dir='ltr'>habuisse</span> <span class='ocrx_word' id='word_1_366' title='bbox 623 4010 766 4094; x_wconf 82' lang='lat' dir='ltr'>conjecit</span> <span class='ocrx_word' id='word_1_367' title='bbox 786 4011 826 4088; x_wconf 89' lang='lat'>⁰).</span> <span class='ocrx_word' id='word_1_368' title='bbox 875 4009 984 4088; x_wconf 59' lang='lat' dir='ltr'>Arcum</span> <span class='ocrx_word' id='word_1_369' title='bbox 1018 4009 1118 4076; x_wconf 55' lang='lat' dir='ltr'>SJC.</span> <span class='ocrx_word' id='word_1_370' title='bbox 1154 4009 1322 4098; x_wconf 86' lang='lat' dir='ltr'>tribuisse¹</span> <span class='ocrx_word' id='word_1_371' title='bbox 1340 4007 1379 4074; x_wconf 94' lang='lat' dir='ltr'>V.</span> <span class='ocrx_word' id='word_1_372' title='bbox 1417 4007 1453 4074; x_wconf 86' lang='lat' dir='ltr'>C.</span> <span class='ocrx_word' id='word_1_373' title='bbox 1488 4026 1546 4090; x_wconf 81' lang='lat'>79¹</span> <span class='ocrx_word' id='word_1_374' title='bbox 1586 4013 1627 4084; x_wconf 80' lang='lat' dir='ltr'>e).</span> <span class='ocrx_word' id='word_1_375' title='bbox 1679 4011 1779 4074; x_wconf 81' lang='lat' dir='ltr'>Forte</span> 
     </span>
     <span class='ocr_line' id='line_1_35' title="bbox 218 4105 1781 4198; baseline -0.001 -22"><span class='ocrx_word' id='word_1_376' title='bbox 218 4105 264 4176; x_wconf 77' lang='lat' dir='ltr'>dit</span> <span class='ocrx_word' id='word_1_377' title='bbox 288 4112 447 4198; x_wconf 81' lang='lat' dir='ltr'>denique,</span> <span class='ocrx_word' id='word_1_378' title='bbox 477 4131 570 4176; x_wconf 89' lang='lat' dir='ltr'>raros</span> <span class='ocrx_word' id='word_1_379' title='bbox 592 4131 667 4175; x_wconf 88' lang='lat' dir='ltr'>esse</span> <span class='ocrx_word' id='word_1_380' title='bbox 692 4112 822 4190; x_wconf 79' lang='lat' dir='ltr'>arhiupt</span> <span class='ocrx_word' id='word_1_381' title='bbox 855 4111 978 4192; x_wconf 82' lang='lat' dir='ltr'>Lydiae</span> <span class='ocrx_word' id='word_1_382' title='bbox 1018 4127 1082 4174; x_wconf 87' lang='lat' dir='ltr'>tum</span> <span class='ocrx_word' id='word_1_383' title='bbox 1114 4109 1351 4174; x_wconf 85' lang='lat' dir='ltr'>beneficiorum</span> <span class='ocrx_word' id='word_1_384' title='bbox 1378 4109 1501 4191; x_wconf 84' lang='lat' dir='ltr'>aliquid</span> <span class='ocrx_word' id='word_1_385' title='bbox 1532 4110 1565 4171; x_wconf 92' lang='lat' dir='ltr'>in</span> <span class='ocrx_word' id='word_1_386' title='bbox 1602 4109 1781 4179; x_wconf 87' lang='lat' dir='ltr'>Cosuanen-</span> 
     </span>
     <span class='ocr_line' id='line_1_36' title="bbox 216 4205 1780 4297; baseline 0.001 -22"><span class='ocrx_word' id='word_1_387' title='bbox 216 4234 333 4276; x_wconf 88' lang='lat' dir='ltr'>numos</span> <span class='ocrx_word' id='word_1_388' title='bbox 346 4213 471 4296; x_wconf 82' lang='lat' dir='ltr'>epoche</span> <span class='ocrx_word' id='word_1_389' title='bbox 487 4213 648 4296; x_wconf 77' lang='lat' dir='ltr'>insignes,</span> <span class='ocrx_word' id='word_1_390' title='bbox 671 4233 744 4275; x_wconf 88' lang='lat' dir='ltr'>cum</span> <span class='ocrx_word' id='word_1_391' title='bbox 763 4223 869 4272; x_wconf 85' lang='lat' dir='ltr'>tamen</span> <span class='ocrx_word' id='word_1_392' title='bbox 898 4212 977 4274; x_wconf 85' lang='lat' dir='ltr'>hacc</span> <span class='ocrx_word' id='word_1_393' title='bbox 1015 4233 1068 4277; x_wconf 79' lang='lat' dir='ltr'>aee</span> <span class='ocrx_word' id='word_1_394' title='bbox 1082 4209 1188 4288; x_wconf 84' lang='lat' dir='ltr'>linxit,</span> <span class='ocrx_word' id='word_1_395' title='bbox 1209 4209 1299 4297; x_wconf 84' lang='lat' dir='ltr'>quod</span> <span class='ocrx_word' id='word_1_396' title='bbox 1315 4207 1532 4274; x_wconf 85' lang='lat' dir='ltr'>instituendae</span> <span class='ocrx_word' id='word_1_397' title='bbox 1549 4205 1694 4296; x_wconf 83' lang='lat' dir='ltr'>epochae</span> <span class='ocrx_word' id='word_1_398' title='bbox 1705 4231 1780 4276; x_wconf 89' lang='lat' dir='ltr'>esu·</span> 
     </span>
     <span class='ocr_line' id='line_1_37' title="bbox 211 4305 1775 4398; baseline -0.001 -21"><span class='ocrx_word' id='word_1_399' title='bbox 211 4315 407 4398; x_wconf 81' lang='lat' dir='ltr'>frequenter</span> <span class='ocrx_word' id='word_1_400' title='bbox 428 4315 641 4395; x_wconf 75' lang='lat' dir='ltr'>Ponticorum</span> <span class='ocrx_word' id='word_1_401' title='bbox 670 4311 800 4376; x_wconf 77' lang='lat' dir='ltr'>ushluns</span> <span class='ocrx_word' id='word_1_402' title='bbox 827 4325 977 4375; x_wconf 86' lang='lat' dir='ltr'>monetae</span> <span class='ocrx_word' id='word_1_403' title='bbox 1014 4335 1080 4378; x_wconf 89' lang='lat' dir='ltr'>sam</span> <span class='ocrx_word' id='word_1_404' title='bbox 1109 4311 1257 4388; x_wconf 78' lang='lat' dir='ltr'>suffecit,</span> <span class='ocrx_word' id='word_1_405' title='bbox 1287 4305 1439 4377; x_wconf 67' lang='lat' dir='ltr'>scenam</span> <span class='ocrx_word' id='word_1_406' title='bbox 1457 4311 1617 4376; x_wconf 73' lang='lat' dir='ltr'>ransart</span> <span class='ocrx_word' id='word_1_407' title='bbox 1637 4319 1775 4396; x_wconf 82' lang='lat' dir='ltr'>poteret,</span> 
     </span>
    </p>
   </div>
   <div class='ocr_carea' id='block_1_5' title="bbox 253 4583 1073 4758">
    <p class='ocr_par' dir='ltr' id='par_1_6' title="bbox 253 4583 1073 4758">
     <span class='ocr_line' id='line_1_38' title="bbox 326 4583 1073 4665; baseline 0.001 -21"><span class='ocrx_word' id='word_1_408' title='bbox 326 4587 354 4661; x_wconf 85' lang='lat'>⁰)</span> <span class='ocrx_word' id='word_1_409' title='bbox 374 4585 462 4646; x_wconf 82' lang='lat' dir='ltr'>Num.</span> <span class='ocrx_word' id='word_1_410' title='bbox 479 4583 582 4646; x_wconf 76' lang='lat' dir='ltr'>Graec.</span> <span class='ocrx_word' id='word_1_411' title='bbox 598 4607 628 4665; x_wconf 86' lang='lat' dir='ltr'>p.</span> <span class='ocrx_word' id='word_1_412' title='bbox 649 4591 709 4651; x_wconf 74' lang='grc'><strong>124.</strong></span> <span class='ocrx_word' id='word_1_413' title='bbox 797 4585 970 4658; x_wconf 79' lang='lat' dir='ltr'>s)1..t.lx.</span> <span class='ocrx_word' id='word_1_414' title='bbox 990 4587 1014 4658; x_wconf 64' lang='lat' dir='ltr'>h.</span> <span class='ocrx_word' id='word_1_415' title='bbox 1034 4599 1073 4650; x_wconf 80' lang='lat'>12.</span> 
     </span>
     <span class='ocr_line' id='line_1_39' title="bbox 253 4687 430 4758; baseline 0 -12"><span class='ocrx_word' id='word_1_416' title='bbox 253 4687 343 4758; x_wconf 77' lang='lat' dir='ltr'>(rot.</span> <span class='ocrx_word' id='word_1_417' title='bbox 367 4687 430 4756; x_wconf 76' lang='lat'>11.)</span> 
     </span>
    </p>
   </div>
   <div class='ocr_carea' id='block_1_6' title="bbox 0 0 2130 5482">
    <p class='ocr_par' dir='ltr' id='par_1_7' title="bbox 0 0 2130 5482">
     <span class='ocr_line' id='line_1_40' title="bbox 0 0 2130 5482; baseline 0 9"><span class='ocrx_word' id='word_1_418' title='bbox 0 0 2130 5482; x_wconf 95' lang='lat' dir='ltr'> </span> 
     </span>
    </p>
   </div>
  </div>
 </body>
</html>
