4232 5488
317 621 391 690 cco
874 591 1314 676 action

309 773 506 841 Plutarchus
519 776 549 852 ⁰)
581 771 805 860 Appieunet’).
848 773 974 842 Verum
995 791 1080 836 auno
1115 771 1149 833 iu
1187 769 1411 854 compluribus
1439 783 1522 852 opue
1546 767 1689 830 Gallieni
1714 785 1797 832 aero
1817 789 1885 833 non

310 895 469 968 aequente
486 893 599 966 ceptae
617 900 635 940 a
651 881 689 942 L.
708 877 798 940 Sulla
823 875 982 952 Athenae,
996 895 1082 938 eum·
1115 871 1285 955 indignum
1314 871 1393 934 aetia
1414 869 1590 955 eloquitur.
1633 869 1714 954 Ejue
1736 891 1813 935 rere
1836 893 1884 933 ro·

311 999 469 1069 ptumque
497 981 539 1044 de
569 978 732 1043 Arietione
758 976 964 1062 eupplicicm.
988 978 1080 1063 Ergo
1115 975 1162 1038 tio
1186 975 1319 1060 ignota,
1346 973 1409 1037 etei
1431 973 1535 1037 variae
1561 973 1618 1034 aiii
1643 973 1804 1048 ettnlere,
1827 973 1887 1036 aed

310 1085 561 1150 Atheniensium
597 1082 703 1145 numia
740 1079 850 1142 illatus
885 1077 977 1141 REX
1017 1082 1078 1141 etl-
1115 1095 1199 1163 quae
1214 1095 1280 1140 noe
1298 1074 1508 1139 euticieciuot.
1530 1073 1631 1138 Peuci
1653 1087 1759 1136 tamen
1784 1073 1834 1136 itti
1850 1075 1884 1135 in

312 1185 586 1260 THRIDATES,
620 1197 656 1244 ut
686 1181 765 1242 olim
799 1177 990 1242 Demetrius
1006 1181 1081 1266 1Ῑό-
1115 1198 1254 1243 exemen
1283 1173 1440 1253 recondi,
1469 1177 1525 1260 qui
1547 1174 1756 1258 imperatorie
1787 1175 1886 1238 Athe·

312 1291 484 1362 liorcetea,
516 1297 613 1372 etque
635 1283 699 1346 utic
723 1281 950 1360 ttttsctctt,
970 1288 1080 1366 neque
1116 1279 1279 1342 niensium
1297 1277 1644 1344 monetaltabitieunt.

311 1395 387 1458 retia
420 1391 543 1465 riuum,
572 1386 663 1472 regie
695 1385 942 1450 antennornen
959 1369 1080 1445 'moue-
1158 1383 1240 1445 Cum
1263 1381 1369 1464 cupite
1393 1384 1508 1444 Liuiae
1532 1396 1666 1442 numum
1684 1378 1788 1442 edidit
1807 1381 1889 1444 Cor-

311 1511 363 1559 tae
386 1494 529 1566 inferre,
551 1489 614 1550 nisi
636 1501 675 1549 ee
689 1483 872 1571 junxissent
894 1499 979 1550 entre
1000 1473 1089 1546 eoiie‘
1116 1481 1217 1546 eiuiue
1247 1501 1287 1545 ex
1317 1501 1432 1545 museo
1458 1501 1528 1544 rer.
1559 1481 1757 1544 'l'rombellii
1778 1484 1888 1546 Bouo-

311 1614 344 1662 et
366 1599 481 1688 inope,
510 1605 602 1656 aneta
623 1609 739 1672 regum
762 1589 972 1650 Ponticorum
995 1607 1080 1668 aym·
1115 1585 1188 1646 niae
1204 1584 1256 1666 tt),
1287 1582 1344 1646 eed
1376 1603 1616 1646 eum-numum
1645 1585 1711 1648 ridi
1739 1587 1829 1671 ipae,
1851 1599 1886 1647 et

311 1700 394 1765 bole.
426 1701 551 1762 Numae
572 1695 656 1756 alter
675 1691 794 1752 iterum
817 1689 1079 1753 Aristionemui·
1115 1686 1148 1747 iu
1177 1707 1218 1750 co
1244 1685 1394 1749 fruudem
1424 1700 1591 1750 recentem
1623 1685 1722 1750 facite
1758 1689 1888 1774 cgnovi,

309 1803 375 1866 etit.
417 1799 468 1862 Ne
498 1815 578 1862 vero
601 1791 742 1857 dubitari
765 1791 885 1874 poerit,
907 1811 981 1853 eene
1003 1811 1077 1854 eum
1116 1803 1149 1850 ee
1179 1789 1245 1852 vidi
1273 1787 1342 1871 ejus
1371 1788 1513 1863 eimiice,
1546 1808 1668 1872 eoaque
1700 1803 1887 1874 argenteon,

310 1907 416 1986 ipeum
440 1913 630 1980 tyranuum,
653 1914 751 1978 quem
776 1893 869 1977 prior
894 1905 1010 1954 numae
1031 1891 1080 1955 of·
1114 1893 1148 1952 iu
1179 1891 1327 1974 pluribue
1358 1891 1479 1954 mueeie
1507 1887 1651 1958 [telin-ie,
1681 1890 1768 1954 uude
1795 1890 1886 1954 fratte

310 2005 395 2074 fert,
418 2011 506 2064 vetut
527 1997 672 2080 Pegaeue
694 1996 728 2056 in
750 1994 825 2056 aree
847 2011 994 2078 peccent,
1023 1995 1080 2078 qui
1115 1993 1249 2056 certior.
1282 1991 1438 2068 Accedit,
1468 1993 1556 2076 quod
1585 1993 1618 2052 in
1651 1991 1700 2054 his
1725 1993 1767 2054 ad
1788 2001 1886 2074 caput
1926 2070 1934 2078 .

312 2103 427 2168 obvius
465 2113 515 2163 eat
549 2099 581 2160 io
620 2095 818 2160 Mithridatio
853 2093 911 2162 Vi.
948 2111 1079 2159 moneta
1115 2093 1278 2158 muliebre
1309 2095 1400 2158 uuila
1431 2094 1567 2157 addetur
1588 2094 1785 2178 epigraphe3
1808 2111 1886 2178 que·
1907 2079 1923 2098 ²

310 2221 424 2288 typce,
447 2219 611 2286 quemque
633 2199 661 2261 ie
682 2199 715 2260 iu
738 2199 808 2283 ejua
832 2197 920 2282 regio
943 2196 1080 2280 gretiem
1116 2217 1153 2258 re
1183 2198 1244 2260 etei
1270 2197 1304 2259 tri
1325 2197 1417 2260 numi
1438 2210 1548 2260 cuent
1570 2197 1722 2280 genuini,
1746 2193 1886 2262 difficile

313 2306 378 2370 hue
402 2301 522 2387 adegit.
553 2305 604 2365 Ex
627 2302 678 2364 hie
703 2301 809 2364 numia
826 2312 971 2383 apparet,
992 2297 1081 2381 quod
1116 2299 1205 2363 foret
1234 2298 1389 2364 continuo
1420 2311 1584 2374 etetuere,
1612 2299 1754 2383 proponi
1782 2299 1816 2360 iu
1844 2299 1886 2361 iie

312 2427 409 2489 eupra
456 2403 615 2478 indicavi,
662 2401 798 2465 Athenio
842 2397 1081 2464 tetrudracltme
1116 2402 1231 2465 Liviae
1253 2413 1360 2484 ceput.
1476 2453 1481 2462 .

313 2505 409 2590 hujoe
449 2506 581 2588 generis
617 2506 651 2566 in
688 2504 769 2567 haec
799 2515 904 2586 unque·
932 2515 1081 2586 tempore
1159 2505 1240 2586 Cum
1266 2504 1374 2588 eapite
1402 2505 1595 2582 Veepueiam'
1622 2520 1755 2566 numum
1782 2499 1884 2564 edidit

311 2607 415 2672 suinae
439 2605 582 2688 signatu,
600 2617 737 2669 retentu
759 2603 943 2669 adhucdum
966 2617 1081 2670 vetere
1116 2605 1328 2672 Vaillantiuez
1350 2599 1885 2672 ΕΠΙ.ΑΤΕΛ1ΑΝοΤ.ΑΘΗ-

312 2705 547 2793 onitographin
571 2705 675 2770 ΑΘΕ.
875 2717 878 2724 ’
1064 2715 1068 2724 ’
1117 2702 1293 2784 ΝΑΙΩΝ,
1316 2711 1417 2787 Captet
1432 2710 1589 2770 Palladis.
1610 2706 1674 2773 Hic
1688 2729 1883 2792 praeconem

356 2809 478 2874 Addidi
507 2833 640 2873 numum
674 2811 806 2874 tertium
836 2809 924 2872 forte
951 2825 1082 2891 praece·
1118 2811 1196 2876 oitut
1221 2807 1432 2871 Fruncieoum
1454 2807 1635 2874 Camelum.
1676 2811 1766 2874 Sitne
1790 2808 1886 2892 hujue

312 2913 464 2977 dantibus
479 2910 720 2995 eyuchrouutn,
742 2911 771 2973 ei
788 2911 887 2974 modo
907 2910 1083 2996 inscriptus
1117 2912 1182 2976 uiri
1211 2909 1396 2973 testimonio
1419 2911 1586 2985 utendum,
1608 2925 1678 2974 tum
1702 2911 1775 2998 quie
1800 2909 1888 2975 deci·

313 3019 481 3096 Apellicon
507 3013 594 3077 idem
629 3028 680 3078 eat
714 3033 787 3076 curu
816 3013 893 3088 illo,
925 3013 978 3094 qui
1010 3013 1083 3073 Ari·
1119 3013 1221 3089 derit,
1247 3033 1320 3076 eura
1344 3011 1416 3096 ejue
1430 3012 1613 3095 catalogum
1629 3013 1886 3099 muneiregiuae

313 3117 427 3180 etionie
455 3131 565 3198 partes
594 3129 725 3178 eeoutue
753 3125 820 3192 eet,
851 3127 884 3176 et
911 3111 953 3175 dc
976 3113 1080 3178 literie
1116 3115 1300 3178 ctntrttnuu
1316 3113 1529 3199 pervolverit.

311 3217 482 3302 precedere
511 3215 646 3278 tueritne
676 3216 736 3278 hac
766 3237 828 3278 unu
857 3233 968 3290 cause,
991 3215 1081 3299 quod
1159 3215 1225 3307 Qui
1263 3215 1369 3280 adhuc
1406 3216 1547 3282 uitentur
1576 3237 1650 3280 cum
1682 3218 1788 3302 capite
1817 3219 1885 3280 Au-

311 3317 500 3382 Arittotelia
523 3319 646 3401 ecriptu
668 3315 989 3400 eblettietioeieque
1012 3317 1081 3382 rin·
1115 3319 1210 3392 celii,
1246 3332 1281 3382 et
1317 3317 1523 3396 Commodi,
1541 3337 1662 3402 nempe
1690 3319 1782 3380 nutui
1809 3338 1886 3382 cou-

313 3417 444 3485 dicatit.
478 3418 480 3427 '
574 3487 581 3492 ,
1117 3420 1251 3486 cordiae
1272 3421 1490 3484 Athenienses
1514 3419 1885 3502 inter,etSmyroeeoe,
1953 3419 1961 3434 '

1117 3543 1175 3588 eon
1199 3535 1324 3586 certum
1341 3537 1391 3587 eet
1406 3525 1563 3607 Smyrnae
1582 3542 1776 3608 peucuueoe,
1796 3536 1834 3584 ut
1851 3523 1885 3584 in

1075 3647 1076 3653 ¹
1116 3628 1178 3691 hec
1200 3625 1339 3691 dicetur.
1586 3673 1592 3680 .

353 3725 480 3789 Horum
521 3725 648 3788 nattum
678 3721 877 3787 indubitatae
905 3719 982 3784 fidei
1014 3721 1083 3787 edi·
1141 3727 1331 3812 ‚singiduno
1360 3742 1428 3805 eat,
1459 3727 1548 3814 quod
1569 3725 1693 3791 adierit
1713 3723 1886 3790 winckel-

312 3843 381 3891 tum
403 3827 517 3912 reperi
534 3845 576 3891 ne
591 3827 724 3910 quidem
739 3847 813 3890 cum
829 3826 987 3889 Hadriani
1005 3829 1083 3892 ime·
1118 3851 1253 3894 manuue
1275 3833 1323 3913 r),
1356 3830 1569 3895 Athenieueee
1595 3831 1658 3894 auh
1684 3825 1886 3911 Vetpeeieno

314 3931 402 4014 gine,
419 3929 475 4015 qui
490 3927 634 4015 profanis
650 3925 1083 3996 officiiturbemeibideviu·
1117 3933 1302 4016 perdidisse
1331 3933 1399 4017 jue,
1434 3953 1551 3995 uumoe
1580 3932 1651 3998 eine
1677 3929 1886 4014 imperatorie

313 4033 369 4096 xit.
390 4035 517 4095 Temen
533 4031 594 4095 tub
609 4031 765 4116 Auguetiu
780 4033 968 4118 perrexisse
983 4033 1083 4097 Athe·
1117 4035 1261 4120 imagine
1297 4031 1453 4100 feriundi.
1504 4037 1596 4118 Ergo
1637 4033 1793 4117 deinceps
1829 4045 1887 4095 eut

312 4129 456 4210 nieueee,
474 4141 506 4194 et
522 4132 655 4218 quidem
670 4136 704 4196 in
722 4145 868 4198 extreme
883 4153 987 4220 eaque
1001 4147 1083 4200 tem·
1117 4156 1236 4201 uumoe
1274 4149 1466 4201 eutouomoe
1505 4157 1574 4200 uon
1608 4133 1789 4228 cuderunt,
1830 4147 1888 4198 aut

315 4253 393 4316 pora
408 4233 511 4297 ferire
526 4247 687 4298 monetam
697 4250 915 4316 antonomum,
925 4237 1080 4302 mirorum
1100 4252 1242 4304 tentum
1281 4259 1356 4304 cum
1393 4237 1500 4322 cupite
1534 4220 1761 4322 imperatorin,
1797 4234 1886 4324 quod

555 3550 843 3651 Imperatorii.

427 4634 457 4707 ο)
476 4633 511 4694 12
526 4589 619 4736 euna.
668 4639 700 4710 r)
724 4620 924 4699 rumitant
976 4637 1336 4719 demoraremur.
1394 4639 1422 4713 r)
1436 4623 1885 4717 tttn.ut.'p.eot.ettt.t>roe.
