4296 5494
743 893 964 971 REGES
1011 887 1478 982 MACEDONIAE.

330 1083 487 1194 Longam
514 1105 634 1168 borum
662 1123 778 1190 regum
810 1101 929 1164 seriem
959 1125 977 1166 s
1006 1115 1098 1166 vetu-
1132 1101 1423 1186 tusurbepatitus
1441 1113 1490 1163 est
1511 1101 1549 1178 ²).
1570 1091 1708 1164 Factum
1728 1101 1814 1170 illud
1833 1129 1906 1174 cro-

329 1210 481 1278 stissimis
504 1207 704 1294 temporibus
726 1205 899 1268 deductam
918 1204 1097 1267 memoriae
1134 1205 1221 1268 ditur
1246 1204 1334 1268 circa
1359 1223 1478 1265 annum
1506 1214 1581 1265 ante
1609 1205 1649 1270 V.
1677 1203 1715 1273 C,
1743 1207 1797 1286 ιιί).
1825 1223 1900 1274 „120

329 1313 548 1398 prodiderunt
577 1309 755 1392 scriptores
785 1321 933 1380 veteres,
956 1325 996 1367 ex
1019 1325 1099 1390 quo·
1133 1305 1299 1369 Christum
1323 1305 1398 1386 708.
1428 1305 1570 1366 Moritur
1587 1305 1627 1370 V.
1647 1305 1682 1367 C.
1703 1313 1751 1379 ¹4·
1767 1306 1901 1376 snudntn

329 1437 404 1478 rum
432 1411 645 1486 testimoniis,
671 1411 735 1472 etsi
765 1429 862 1491 saepe
893 1405 1033 1468 dissonis
1064 1418 1098 1466 et
1134 1406 1236 1491 stirps
1267 1406 1300 1466 in
1322 1404 1499 1468 Alexandri
1529 1407 1575 1470 M.
1604 1404 1718 1468 liberis
1747 1405 1902 1489 desitura,

328 1514 578 1587 fluctuantibus,
607 1510 786 1594 praecipue
808 1527 890 1594 quae
912 1505 953 1569 ad
975 1519 1100 1587 tempo·
1121 1508 1222 1592 .quod
1245 1509 1292 1570 sic
1315 1507 1348 1566 in
1373 1505 1764 1590 vulgussuitcreditum,
1783 1525 1904 1578 utnon

329 1641 405 1684 rum
440 1617 601 1680 rationem
627 1612 821 1695 pertinent,
856 1627 970 1671 eorum
998 1606 1100 1669 histo·
1136 1610 1299 1672 dubitaret
1329 1609 1491 1670 Isocrates
1520 1608 1553 1668 in
1576 1629 1632 1672 sua
1653 1607 1694 1672 ad
1711 1610 1900 1696 Philippum

329 1723 412 1785 riam
440 1733 474 1783 et
502 1715 718 1780 successionis
745 1713 856 1790 legam
890 1709 1097 1800 descripsere
1138 1712 1179 1773 ll.
1224 1710 1372 1772 oratione
1408 1721 1569 1793 perpetuo
1606 1709 1693 1778 hunc
1725 1712 1797 1791 ejus
1828 1729 1909 1777 cum¹

329 1827 493 1888 Reiceras
517 1797 736 1890 lleineccius,
758 1812 928 1888 Petavius,
956 1811 1101 1892 Spanbs·
1135 1797 1281 1872 Hercule
1305 1811 1470 1892 sanguinis
1499 1833 1619 1872 nexum
1634 1811 1846 1912 praedicare,
1865 1831 1903 1880 nt

329 1927 430 2002 usius,
452 1917 681 1992 Froelicbius,
709 1915 850 1998 aliique,
879 1934 1018 2001 quorum
1039 1934 1099 1975 nos
1136 1933 1221 1974 nunc
1250 1911 1374 1974 mittam
1400 1913 1584 1974 testimonia
1614 1913 1695 1991 alia,
1732 1935 1814 1998 quae
1836 1919 1903 1980 suis

330 2027 477 2111 insignes
506 2033 640 2084 conatus
670 2019 703 2080 in
731 2016 890 2100 judicium
918 2037 984 2078 non
1006 2037 1103 2082 voca·
1135 2013 1218 2074 locis
1247 2014 1600 2078 commemorabuntur.
1630 2015 1718 2077 Hinc
1743 2017 1840 2079 toties
1869 2019 1904 2081 in

330 2151 425 2204 suus,
464 2125 617 2208 quoniam
653 2139 720 2182 non
756 2119 790 2180 in
818 2117 1011 2194 historiam,
1041 2117 1100 2179 sed
1134 2135 1252 2196 regum
1282 2115 1494 2180 Macedoniae
1522 2117 1628 2179 nuruis
1658 2130 1754 2201 caput
1775 2121 1904 2182 Hercu·

331 2248 448 2290 numos
467 2225 567 2286 crisin
587 2218 810 2296 intendimus,
845 2241 862 2282 a
886 2219 992 2280 numis
1018 2237 1098 2282 vero
1135 2217 1175 2278 lis
1193 2219 1349 2282 occurrit.

332 2349 440 2411 neque
462 2323 719 2406 chronologiae,
748 2341 856 2405 neque
886 2319 1102 2384 successionis
1182 2319 1367 2388 COENVS.
1384 2317 1900 2388 TYRtuAS.PE1tntccas.1.

333 2432 443 2505 ratio,
473 2427 579 2491 sicubi
612 2427 721 2488 luxata
750 2435 826 2499 est,
852 2423 958 2484 sanari
982 2435 1101 2504 potest,
1136 2419 1356 2483 serenomine
1377 2434 1499 2482 tantum
1520 2421 1653 2504 cogniti.

333 2533 409 2616 quia
433 2531 519 2593 notis
544 2526 706 2612 epochae,
736 2524 872 2606 aliisque
900 2518 1028 2586 indi'ciis
1054 2522 1102 2586 ie·
1179 2521 1394 2588 ARGAEVS.
1417 2521 1522 2604 Hujus
1543 2521 1676 2584 numum
1689 2518 1903 2585 ΑΡΓΕΙΟΤ.

332 2656 372 2697 re
390 2632 619 2694 destituuntur.
1136 2615 1410 2699 ΒΑΣΙΛΕΩΣ,
1432 2643 1530 2707 qucm
1559 2643 1600 2684 ex
1627 2625 1798 2710 scaligero
1825 2625 1905 2688 citat

374 2738 472 2799 Juvat
497 2727 710 2792 Macedoniae
748 2745 846 2807 reges
876 2723 917 2786 sb
949 2723 1018 2804 ejus
1048 2744 1102 2786 re·
1135 2719 1322 2786 Harduinus
1343 2719 1664 2804 ¹¹)‚comnbentitium
1683 2740 1772 2809 puta.
1793 2725 1905 2788 Alium

333 2835 391 2918 gni
415 2831 552 2896 exordio
574 2828 752 2894 secundum
776 2824 956 2888 Froelichii
981 2827 1101 2887 catalo—
1135 2825 1238 2908 magis
1254 2825 1437 2904 eruditum,
1453 2828 1606 2890 nimirum
1625 2821 1728 2914 magis
1748 2825 1788 2890 ad
1809 2827 1903 2912 leges

334 2957 411 3022 gum
436 2939 468 3010 t)
492 2931 687 3015 compendio
718 2945 988 2991 commemorare.
1031 2927 1100 2989 llo·
1135 2927 1212 2986 artis
1233 2927 1400 2990 numeriae
1423 2942 1596 3006 exactum,
1620 2931 1680 2992 sed
1700 2929 1807 3014 palam
1830 2948 1904 3012 spu·

333 3059 409 3100 runs
434 3033 532 3117 primi
556 3045 610 3094 aut
632 3029 770 3114 pecunia
793 3027 918 3112 signata
948 3047 1097 3103 caruere,
1134 3029 1236 3104 risam,
1254 3031 1535 3112 Constantinopoli
1556 3045 1630 3104 ante
1657 3053 1758 3094 annos
1779 3030 1903 3116 aliquot

333 3149 390 3202 sut,
417 3135 499 3196 haec
523 3133 564 3194 ad
586 3145 730 3192 nostram
755 3143 893 3192 aetatem
923 3150 990 3190 non
1024 3147 1099 3211 per·
1136 3131 1270 3190 mis'sum
1293 3145 1400 3193 servat
1424 3149 1571 3192 museum
1598 3129 1907 3202 Caesareum-AP-

333 3236 435 3303 venit.
472 3233 538 3297 Alii
572 3229 662 3291 numi
699 3230 775 3292 buic
805 3220 897 3292 ittiv‘a
927 3247 1101 3312 perperam
1138 3227 1168 3292 P
1169 3228 1300 3292 Alm'.
1313 3234 1531 3312 (retrograde)
1551 3238 1661 3316 Equus
1674 3239 1838 3316 gradiens,
1856 3239 1903 3298 s'ss·

333 3321 408 3404 bunt
430 3334 561 3410 tributi,
585 3329 716 3396 conficti
740 3331 818 3410 alii,
849 3345 883 3393 ut
906 3330 940 3390 in
964 3329 1100 3414 singulis
1131 3337 1191 3413 fro
1226 3353 1317 3416 quem
1349 3337 1454 3397 clava.
1480 3332 1504 3393 ἲ
1530 3340 1728 3413 Quadratum
1761 3341 1905 3400 incussus

334 3437 537 3506 docebimus.
1138 3437 1416 3518 quadripartitum.
1435 3437 1502 3497 AR.
1521 3437 1561 3500 ll.

707 3569 728 3607 a
1091 3546 1110 3560 “”
1178 3535 1407 3603 PHlLlPPVS
1427 3537 1451 3598 1.
1478 3551 1624 3598 mortuus
1644 3535 1790 3601 creditur
1806 3540 1846 3608 V.
1867 3537 1931 3603 C.-

647 3613 667 3652 .
770 3613 789 3656 ’
1141 3651 1210 3718 ¹7²·
1252 3635 1339 3699 Huic
1363 3635 1569 3699 Froelichius
1594 3637 1783 3702 tribuendos
1805 3630 1906 3722 conji-

375 3741 577 3810 clutttvs
607 3736 750 3822 Argivus
784 3755 825 3798 ex
847 3733 1000 3798 Herculis
1028 3736 1103 3799 stir·
1138 3736 1182 3798 cit
1207 3751 1381 3820 argenteos
1409 3739 1557 3799 nonnihil
1588 3739 1768 3803 barbaros:
1794 3745 1905 3820 'Caput

333 3867 396 3933 pe,
427 3858 462 3908 et
491 3843 530 3904 ab
564 3839 627 3902 boc
659 3851 769 3900 sextus
798 3837 943 3902 decimus
966 3859 1007 3900 ex
1030 3822 1102 3900 ors·
1135 3842 1240 3902 lovis.
1269 3834 1293 3895 Ξῖ
1317 3843 1421 3921 Eques
1447 3845 1602 3904 adstituta
1627 3845 1767 3931 bardam
1785 3843 1904 3920 Philip-

334 3947 403 4013 culi
426 3943 581 4027 Delphici
611 3941 737 4005 monitu
762 3959 860 4002 novas
885 3937 982 4001 sedes
1006 3958 1101 4022 quae·
1132 3943 1171 4019 pi
1185 3943 1356 4019 epigraphe
1371 3937 1414 4022 b).
1437 3941 1633 4024 Perpcram,
1648 3963 1722 4006 nam
1739 3960 1812 4004 esse
1829 3941 1907 4004 Phi·

268 4125 273 4134 ¹
333 4068 410 4112 rere
439 4045 546 4127 jussus
579 4035 643 4106 hu'c
671 4040 883 4125 commigrat,
912 4054 1100 4126 occupatam
1139 4040 1219 4124 lippi
1234 4039 1341 4114 ll.,in
1357 4037 1421 4106 hoc
1438 4041 1640 4106 docebimus.

334 4147 493 4212 Edessam
524 4145 632 4226 Aegas
664 4144 833 4228 appellat,
870 4141 958 4226 quod
987 4159 1102 4222 capras
1179 4140 1708 4218 AEROPAS,velEVIlOPVS.

334 4251 469 4316 domum
501 4256 684 4307 remeantes
711 4263 772 4328 per
795 4243 948 4306 nebulam
972 4259 1102 4316 secutus
1179 4242 1401 4307 AMYNTAS.
1423 4245 1450 4308 l.
1481 4258 1627 4307 mortuus
1649 4245 1783 4310 circiter
1802 4245 1843 4316 V.
1866 4247 1904 4312 C.

334 4348 487 4418 custodes
516 4343 657 4421 fefellit,
689 4359 806 4408 etuas
830 4345 1103 4424 cumhisrecep·
1140 4343 1211 4408 2h5.
1242 4343 1554 4408 commemorandus
1578 4343 1642 4408 boc
1669 4347 1745 4409 loco
1768 4365 1903 4409 numus:

351 4463 1898 4508 W*

420 4545 452 4617 y)
467 4541 561 4600 Notit.
576 4540 662 4602 elem.
677 4561 708 4616 p.
727 4545 812 4601 128··
878 4537 908 4610 Ι)
926 4537 1035 4597 Justiu.
1053 4535 1213 4600 L.V11.c.
1233 4547 1261 4600 ί.
1348 4537 1377 4607 ¹)
1399 4534 1663 4614 Opp0sel.p·2l·
1752 4535 1785 4633 Β)
1810 4531 1904 4594 Notis.

334 4635 418 4696 elem·
438 4653 506 4712 pag·
522 4637 587 4695 128.
