4296 5494
851 611 1220 687 inuncta.
1356 595 1360 612 '
1682 603 1685 610 ’
1776 629 1821 710 19

535 788 746 866 Imperatoris'.
943 813 949 822 ·
1058 761 1160 860 desit,
1182 793 1289 845 tamen
1317 782 1393 844 satis
1419 802 1481 864 per
1505 765 1668 866 reliquum
1696 782 1824 868 epigra-

294 883 629 968 Exstauts'l'rsjauo
653 905 757 974 usqne
783 883 823 948 ad
850 881 1020 968 Philippos
1057 885 1139 968 phas
1165 883 1319 956 modum,
1351 898 1384 946 et
1411 883 1537 945 literam
1563 881 1592 944 Δ
1617 885 1712 946 Tomi
1739 886 1822 948 indi·

246 986 433 1050 seeundum
452 986 663 1056 Vaillsntium
679 1003 711 1050 et
729 989 955 1067 Pelleriuium,
967 991 1019 1052 Ti·
1056 1001 1180 1053 cantur.

135 1105 143 1122 ·
247 1085 341 1152 herii
356 1108 456 1150 unum
474 1087 599 1172 reperit
615 1087 762 1153 Sestinus
782 1096 821 1174 s).
1098 1089 1288 1151 Naourclu's.
1310 1087 1408 1151 Hunc
1431 1087 1482 1148 illi
1504 1107 1634 1174 quoque
1659 1089 1820 1152 honoreus

295 1183 481 1271 Epipruphe
505 1189 700 1273 simpliciter
714 1189 949 1256 ΤΟΜΙΤΩΝ
968 1181 1029 1253 us·'
1055 1189 1232 1253 accessisse
1257 1186 1353 1250 docet
1375 1188 1512 1272 insignis
1534 1209 1652 1252 numus
1675 1191 1822 1254 Caracal-

250 1309 318 1374 que
351 1287 391 1352 ad
422 1290 621 1368 Aurelium,
660 1289 780 1357 deiude
814 1289 1019 1357 ΤΟΜΕΩΟ
1055 1293 1124 1354 lae:
1146 1285 1323 1352 MHTPO.
1342 1283 1452 1351 Nn'r.
1477 1285 1588 1356 ΠΟΝ.
1606 1287 1819 1356 ΤΟΜΘΩΟ.

251 1389 372 1456 additis
386 1389 509 1469 titulis,
532 1391 574 1454 de
591 1392 709 1476 quibus
723 1414 809 1458 mox.
1057 1391 1218 1472 (Pelleriu
1234 1389 1345 1475 Suppl.
1363 1391 1407 1451 ΙΙ.
1423 1413 1457 1475 p,
1470 1387 1540 1471 56.)
1844 1412 1846 1419 ¹

301 1495 382 1572 slope·
405 1490 489 1552 nihil
506 1509 689 1556 memoratu
707 1495 839 1579 dignum
866 1493 1020 1559 offerunt.
1100 1502 1228 1561 Ls'teroe
1249 1493 1428 1558 solitariae.
1459 1493 1496 1552 In
1519 1511 1596 1553 area
1627 1493 1821 1579 plerumque

297 1595 482 1672 Metropolis
501 1604 535 1656 ct
552 1593 1019 1665 mentiositaseMHTPOH.
1058 1597 1173 1662 visitur
1203 1595 1384 1658 solitarium
1414 1588 1454 1660 Δ.
1483 1591 1674 1659 Vaillantius
1703 1595 1738 1656 in
1769 1615 1823 1656 er-

252 1685 465 1756 ΠΟΝΤΟΤ.
497 1691 713 1761 ΤΟΜΕΩΟ.
735 1697 809 1772 fere
832 1713 1021 1762 constanter
1056 1697 1216 1784 plicandis
1243 1680 1295 1757 his
1326 1693 1432 1763 literis
1467 1708 1659 1774 peracutus,
1690 1707 1722 1757 st
1749 1674 1822 1758 iere

252 1791 332 1855 inde
354 1792 394 1854 ab
411 1791 568 1871 Aurelio,
591 1797 648 1872 sed
665 1819 700 1858 ro
716 1793 933 1862 MHTPOH.
955 1800 1019 1884 jam
1057 1819 1190 1886 semper
1209 1796 1343 1870 infelix,
1365 1793 1425 1854 illo
1442 1794 1548 1856 notari
1563 1789 1823 1856 TETAPTHE

252 1892 378 1975 legitur
404 1894 438 1954 in
467 1915 568 1960 numo
596 1899 752 1962 Antonini
781 1895 885 1962 musei
913 1901 1022 1963 Theu-
1056 1916 1168 1986 putat,
1200 1901 1292 1986 quasi
1321 1893 1418 1958 Tomi
1449 1909 1562 1978 quarta
1590 1893 1730 1958 fuissent
1756 1917 1824 1958 nte·

253 1999 337 2079 poli.
366 1997 455 2079 Ergo
485 1995 526 2057 ab
561 1997 624 2059 hoc
647 1999 776 2063 videtur
797 2001 1021 2083 metropoleos
1057 2001 1195 2118 tropolis
1227 1999 1345 2071 Ponti,
1367 2015 1439 2058 cum
1462 1995 1495 2056 in
1518 1997 1625 2058 Ponto
1649 1999 1742 2059 Asiae
1765 2000 1824 2060 mi·

253 2095 448 2180 dignitatem
486 2111 604 2175 nacta,
644 2100 732 2165 forte
762 2115 860 2180 tum,
891 2097 1038 2194 quando
1056 2105 1146 2169 noris
1171 2103 1235 2186 jam
1262 2114 1330 2161 tres
1345 2109 1470 2170 essent
1494 2095 1708 2174 Nicomedia,
1729 2099 1823 2160 Ama-

255 2197 498 2278 Tauroscythas
536 2199 708 2285 Olbiopoli
744 2203 882 2268 infestos
915 2201 1022 2266 missis
1057 2207 1121 2282 sis,
1144 2217 1177 2268 et
1198 2208 1425 2268 Neocaesarea
1445 2193 1485 2276 ¹¹).
1515 2197 1666 2267 Verum
1657 2217 1690 2259 sn
1709 2217 1822 2262 museo

254 2297 385 2362 auxiliis
413 2302 592 2380 repressit,
622 2315 658 2364 ut
678 2303 784 2370 refert
805 2305 1019 2390 Capitolinus.
1057 2309 1220 2372 Caesareo
1263 2315 1436 2366 servantur
1475 2297 1566 2360 numi
1598 2299 1752 2376 Aurelii,
1791 2317 1822 2362 et
1867 2370 1873 2381 Ι

209 2454 218 2462 .
255 2401 440 2484 Singularis
476 2415 526 2464 est
558 2401 726 2486 inscriptio
760 2407 794 2467 in
823 2425 924 2470 numo
954 2407 1020 2466 Ma·
1058 2405 1331 2492 Tranquilliuse‚
1370 2399 1454 2486 opud
1486 2401 1702 2465 Pellerinium
1730 2405 1825 2466 Plau-

255 2520 385 2564 mseae:
418 2499 563 2563 ΤΟΜΕ.
587 2499 730 2569 ΠΟΝΤ.
754 2506 918 2588 (Pellerin
940 2506 1019 2569 Mel.
1057 2507 1166 2584 sillae,
1200 2507 1233 2567 in
1259 2504 1425 2585 Theupoli
1444 2501 1606 2566 Otaciliae
1629 2523 1703 2567 cum
1727 2503 1823 2567 litera

256 2603 300 2663 Π.
323 2625 355 2688 p.
383 2597 465 2681 rdit.)
488 2603 635 2668 additur
654 2607 790 2671 verbum
811 2605 1020 2682 ΠΟΝΤΟΤ,
1058 2605 1099 2679 Γ
1123 2609 1188 2704 Qui
1214 2605 1384 2671 obtusiore
1405 2604 1684 2687 sumusingeuio,
1708 2603 1822 2667 harum

255 2703 346 2788 quod
366 2702 445 2766 urbs
466 2703 574 2770 Ponto
595 2705 696 2772 adsita
718 2723 821 2783 esset,
844 2729 910 2770 nou
933 2706 1021 2808 quod
1058 2709 1228 2773 lites-arum
1255 2725 1386 2768 sensum
1419 2726 1480 2770 nos
1509 2705 1664 2789 ignorare
1691 2703 1824 2787 profite-

255 2806 285 2866 is
302 2817 426 2871 tractus
439 2806 564 2868 Pontus
585 2810 722 2892 proprie
746 2823 935 2882 vocaretur,
958 2831 1023 2896 qno
1060 2833 1151 2884 mur,
1177 2821 1210 2871 et
1232 2807 1319 2870 inter
1339 2819 1432 2870 notas
1450 2805 1704 2868 monetariorum
1724 2805 1822 2869 solito

256 2907 390 2969 nomina
414 2889 647 2992 sliquotAsise
671 2911 807 2973 minoris
837 2909 1024 2993 provinciae
1060 2932 1097 2976 ac
1114 2907 1350 2998 percommodo
1376 2905 1499 2988 effugio
1521 2905 1739 2971 emundamus.
1763 2909 1824 2969 Tn-

232 3031 235 3035 ·
256 3005 390 3069 Euxiuo
404 3005 527 3072 adsitsc
542 3012 829 3076 vocataefuerunt.
841 3011 893 3076 Ex
907 3014 1021 3076 eadem
1061 3031 1135 3075 men
1153 3011 1312 3073 illustrius
1328 3008 1480 3094 quiddam
1498 3007 1566 3068 illis
1579 3006 1727 3081 indicari,
1738 3008 1819 3071 veri·

256 3127 353 3171 causa
382 3108 480 3170 etiam
509 3109 684 3193 Apollonia
719 3114 879 3179 Thraciae
914 3113 1021 3180 addit:
1059 3113 1165 3178 simile
1187 3111 1264 3174 iacit
1281 3131 1398 3172 numus
1414 3100 1592 3172 Melandra
1606 3108 1691 3193 apud
1707 3110 1824 3194 Ango-

179 3207 186 3220 ¹
254 3203 334 3270 EN.
355 3202 544 3276 ΠΟΝΤΩ.
745 3219 748 3226 ’
1058 3215 1166 3290 nium,
1188 3215 1221 3274 in
1245 3231 1310 3296 quo
1332 3213 1426 3274 litera
1449 3205 1479 3270 Δ
1504 3209 1567 3294 ipsi
1590 3211 1704 3295 templi
1721 3209 1823 3274 fronti
1878 3231 1881 3242 ¹

297 3311 497 3373 Nencoralrss
527 3325 659 3376 notatur
680 3315 714 3375 in
736 3315 833 3382 unico
854 3319 1022 3382 Domnses
1059 3318 1180 3379 inserta
1209 3329 1268 3378 est.

254 3405 476 3471 ΜΗΤΡΟΠ.
495 3405 702 3479 ΠΟΝΤΟΤ.
720 3413 867 3483 ΝΕΩΚ.
890 3419 925 3482 in
948 3439 1024 3482 ares
1061 3425 1129 3483 ΑΕ.
1153 3422 1185 3480 C.

255 3506 305 3586 Δ,
333 3509 517 3589 (Pellerin.)
543 3513 684 3602 inquo,
708 3516 768 3579 etsi
786 3519 882 3584 urhis
903 3541 1023 3586 nomen

850 3743 1220 3817 THRACIA.

254 3884 404 3992 Ampiae
433 3909 531 3996 huius
562 3916 709 3999 regionis
734 3933 862 3982 moneta
887 3939 948 4002 pro
974 3939 1026 3984 va·
1063 3921 1159 3983 etism
1185 3919 1291 3986 vicina
1298 3913 1422 3986 insula
1438 3915 1581 3989 Theaua,
1604 3909 1824 3975 remotissimo

256 4005 462 4076 risnellum
490 4027 596 4084 aetate
620 4037 657 4080 ac
680 4016 754 4082 sita
771 4021 879 4086 variae
902 4035 951 4084 est
967 4041 1027 4083 ··na
1063 4041 1144 4086 aevo
1174 4023 1326 4106 copiosos
1359 4033 1392 4080 et
1415 4017 1520 4079 lautos
1544 4034 1586 4077 ex
1610 4025 1746 4096 argento
1769 4031 1826 4072 nu-

255 4123 360 4174 tuma.
400 4112 496 4208 Quae
519 4116 602 4181 mari
629 4121 788 4204 Aegaeo,
821 4121 1025 4208 Propontidi,
1062 4143 1133 4186 mos
1176 4119 1364 4206 signavere,
1408 4115 1547 4182 Thracis
1587 4115 1826 4180 mediterranea
1864 4185 1876 4212 ν

254 4212 365 4277 9⁰¹¹²⁰
388 4213 512 4282 ⁸d⁸¹i³⁰
533 4218 645 4295 sums
677 4223 858 4308 pleraeque
876 4225 1025 4289 coloniae
1062 4235 1130 4286 tutu
1162 4220 1267 4284 adhuc
1295 4219 1457 4294 barbara,
1487 4231 1520 4282 et
1548 4217 1662 4302 egenis
1691 4213 1824 4298 regibus

254 4311 480 4394 Graecorum,
503 4333 538 4382 et
560 4336 769 4404 pervetustus
792 4323 919 4401 famae,
950 4345 1025 4410 qua·
1061 4323 1235 4392 serviente.
1253 4315 1523 4385 Post'Alsxandri
1536 4319 1581 4382 tt.
1597 4329 1737 4380 mortem
1752 4335 1824 4377 cam

255 4412 307 4476 ¹⁶⁸
326 4433 402 4480 ‘¹¹¹¹‘
423 4417 576 4498 Abdera,
591 4420 719 4510 Aenus,
734 4429 906 4502 Marones,
928 4439 1025 4511 atque
1061 4423 1123 4486 sibi
1145 4423 1321 4490 vindicavit
1340 4411 1574 4506 Lysimachus,
1597 4416 1688 4500 cajus
1711 4429 1824 4500 poten·

271 4559 1824 4596 Μή,-

373 4629 404 4701 g)
419 4629 500 4699 Lett,
516 4629 553 4690 Τ.
567 4629 618 4693 IV·
636 4651 666 4710 p.
681 4641 728 4698 91·
844 4629 876 4704 h)
894 4631 984 4692 Num.
999 4629 1105 4692 Graec·
1121 4647 1150 4706 p·
1166 4636 1230 4694 209.
1567 4613 1572 4621 ⁸
1655 4697 1658 4709 ¹

1557 4725 1623 4787 Gn
