4250 5482
284 613 360 700 mo
846 601 1297 676 Ponuve

287 779 409 846 Juliani
443 775 516 862 975.
546 793 643 840 cacco
676 771 853 860 Elagabalo
884 773 1059 856 imperinm
1095 787 1163 838 tum
1183 777 1375 840 includente.
1391 769 1415 832 1
1431 766 1631 840 ΑΜΙΣΟΤ.
1651 781 1794 856 Papam
1808 801 1870 857 pa.

253 875 257 882 ’
287 880 471 966 auspicatus
490 887 553 937 eat
598 879 687 959 Ergo
709 875 774 938 hoc
795 893 879 938 anno
901 871 1060 939 maturina
1094 895 1186 938 ecem
1205 877 1331 938 sublato
1350 878 1433 952 pede
1455 878 1587 945 dentem
1602 881 1773 941 anteriore.
1796 881 1865 942 ΔΕ.

285 999 404 1043 namna
425 975 480 1040 hio
502 975 598 1040 feriri
618 997 685 1040 non
707 975 823 1058 potnit,
845 994 953 1060 neque
975 972 1059 1038 adeo
1094 977 1136 1044 11.
1158 975 1258 1056 (Mne.
1275 975 1387 1049 Caes.)

169 1061 174 1074 ⁸
286 1079 414 1167 apocha
435 1079 468 1140 in
491 1097 612 1140 annum
633 1076 833 1140 anteriorem
856 1073 1058 1160 promoveri.
1139 1079 1395 1158 caputfuventta
1411 1081 1532 1140 nudum
1548 1074 1731 1141 atatam
1760 1075 1868 1142 AMI-

285 1179 412 1246 'I'urhat
434 1177 566 1262 quidam
586 1177 671 1241 hanc
695 1174 806 1262 legem
836 1177 953 1242 citatus
975 1175 1058 1240 Fan·
1093 1169 1202 1246 ΣΟΤ.
1225 1183 1443 1254 Carmaniae
1467 1181 1550 1238 iuter
1578 1179 1672 1240 bino·
1698 1182 1868 1244 Dioscoro-

235 1347 236 1352 ,
278 1281 389 1346 atinae
417 1279 485 1366 jun.
519 1301 638 1344 namna
659 1297 732 1342 oum
755 1297 840 1341 anno
862 1271 978 1356 ΡΠΘ,
1001 1278 1058 1364 qni
1092 1299 1163 1343 rum
1182 1284 1298 1361 pileos.
1322 1279 1391 1354 ΔΕ.
1417 1281 1476 1347 111.
1502 1279 1600 1355 (Mun.
1629 1278 1722 1342 Caea-
1743 1279 1866 1356 wilde,

285 1383 369 1450 adeo
383 1383 545 1467 signatum
557 1399 597 1445 ‘aa
612 1378 787 1462 profitetur
794 1379 834 1444 V.
844 1380 879 1446 G.
889 1379 972 1463 935,
981 1399 1056 1444 cnm
1092 1380 1281 1444 Pembrock
1295 1383 1386 1446 Part.
1401 1381 1443 1442 11.
1455 1377 1521 1442 tab.
1534 1377 1604 1458 35.)

284 1501 394 1555 tamen
417 1483 500 1548 haec
521 1479 674 1544 Fanttina
697 1480 763 1564 jam
792 1477 836 1546 V.
858 1481 895 1544 C.
912 1466 994 1564 ped.
1009 1479 1057 1542 di·
1135 1481 1241 1564 Caput
1269 1479 1415 1564 juvenile
1442 1480 1534 1542 numi
1563 1479 1684 1562 prioris
1715 1499 1788 1544 caca
1809 1481 1867 1545 hc·

285 1607 338 1652 cm
355 1583 510 1665 obiveritt¹
528 1585 654 1652 Verum
675 1593 729 1642 ant
745 1581 939 1644 Amaacnaca
955 1581 1057 1663 impa-
1092 1583 1160 1647 noia
1191 1584 1324 1659 Persei,
1356 1579 1486 1648 abunda
1509 1580 1681 1648 docuimus
1702 1579 1735 1641 in
1758 1584 1869 1665 prole-

278 1703 376 1756 mte
400 1681 583 1751 Commodo
607 1681 703 1764 hujua
725 1695 862 1746 matrem
886 1685 949 1746 etti
970 1702 1057 1763 mpr-
1092 1685 1241 1768 gomcnia
1271 1684 1311 1747 ad
1341 1705 1456 1749 numos
1486 1687 1652 1750 Pontiooa.
1712 1683 1793 1746 Cum
1823 1703 1866 1748 co

284 1805 373 1857 tuam
408 1783 588 1852 memoriae
618 1802 713 1846 cauea
741 1784 971 1860 restituerunt,
1001 1797 1056 1848 aut
1090 1785 1238 1870 jungitur
1255 1785 1402 1868 Pegasus
1423 1806 1466 1850 ex
1493 1807 1590 1852 canta
1612 1797 1715 1850 corin.
1745 1784 1869 1847 Secun-

279 1913 389 1958 annna
419 1887 459 1952 ab
487 1885 677 1960 Hatduino,
708 1884 764 1971 qui
786 1887 875 1950 tolca
897 1887 1054 1952 hactenns
1092 1884 1169 1949 dum
1187 1885 1275 1949 enim
1293 1885 1865 1971 mythologommdoctrinamnatua

283 1993 372 2058 huno
399 2010 535 2052 numum
563 1987 802 2070 promulgavit,
832 1987 917 2052 male
941 2002 993 2054 cat
1013 1985 1060 2052 lo·
1094 2005 1137 2050 ox
1166 1983 1277 2052 dessuo
1306 1985 1464 2050 Medusae
1493 1989 1669 2070 sanguine,
1699 2011 1774 2053 cnm
1796 1991 1867 2074 ejua

279 2107 367 2160 ctua.
396 2093 508 2153 Manat
537 2107 619 2182 ergo
648 2107 710 2172 pro
732 2087 825 2150 initio
847 2103 944 2154 aerae
964 2092 1058 2154 Ama·
1093 2086 1216 2152 collum
1239 2086 1424 2151 demeteret
1442 2089 1602 2167 Peraeae,
1624 2091 1721 2176 hujus
1742 2091 1867 2156 beneti-

286 2195 391 2261 aenaia
403 2196 557 2254 immotua
573 2210 674 2254 annua
689 2190 731 2258 V.
748 2189 784 2254 C.
798 2199 872 2273 747.
1092 2187 1146 2250 oio
1169 2200 1277 2250 ortum
1295 2207 1388 2252 auum
1407 2187 1520 2253 debuit
1535 2193 1577 2274 ²).
1600 2191 1702 2257 Aliud
1718 2207 1865 2280 praetcr-

328 2297 419 2360 ldcm
442 2312 538 2358 acrae
552 2291 679 2357 initiam
694 2291 840 2356 habuere
860 2287 957 2354 atium
974 2291 1057 2354 Ger·
1092 2307 1131 2352 ca
1171 2287 1268 2353 docet
1304 2289 1387 2353 haec
1418 2309 1550 2371 avaria,
1583 2295 1737 2359 nimirum
1768 2309 1866 2360 tetra·

283 2393 519 2480 menicopoiia,
552 2406 586 2458 ct
608 2392 900 2478 Neoclaudiopolit
921 2391 1058 2477 Paphla·
1092 2389 1248 2453 drachma
1267 2389 1466 2455 Mithridatia
1487 2395 1544 2462 vt.
1568 2395 1665 2460 Ponti
1687 2397 1800 2482 ragis,
1830 2399 1866 2462 in

286 2497 406 2586 goniaa
420 2495 533 2574 arhen,
554 2509 590 2560 ut
606 2495 639 2558 in
656 2496 707 2558 hia
723 2491 927 2578 probabitur.
950 2492 1057 2588 Quam
1093 2509 1234 2574 quornm
1248 2511 1363 2555 averae
1377 2507 1428 2556 ost
1442 2493 1598 2580 Pegasus,
1620 2499 1655 2562 in
1670 2497 1787 2562 cadem
1803 2499 1865 2564 hac

285 2619 382 2688 acina
406 2595 617 2662 concordiam
641 2593 945 2659 innumiaurbinm
958 2593 1058 2659 Ponti
1092 2593 1206 2674 Amico
1242 2592 1383 2678 signata,
1415 2593 1505 2677 quod
1536 2599 1664 2684 opinari
1693 2596 1773 2662 facit
1798 2619 1866 2664 non

279 2721 361 2767 oum
378 2695 507 2763 viderat
518 2697 686 2780 BcIleym,
710 2696 863 2778 conjecit,
873 2696 1057 2782 Augustum
1091 2693 1225 2776 quidem
1247 2695 1318 2758 nola
1339 2713 1434 2760 cauta
1456 2699 1590 2780 Pegasi,
1620 2700 1679 2765 aad
1701 2701 1790 2786 quod
1810 2699 1864 2764 hic

282 2801 348 2869 hoo
365 2819 449 2866 anno
464 2799 504 2866 V.
519 2799 556 2862 C.
573 2805 648 2880 747.
669 2817 711 2861 cx
726 2797 896 2880 Bithynia,
919 2799 1057 2882 Paphla·
1091 2791 1212 2858 codem
1232 2815 1368 2879 prorant
1396 2798 1512 2875 mado,
1535 2818 1601 2882 quo
1617 2803 1651 2863 in
1671 2800 1760 2865 dicto
1774 2802 1863 2864 Ami·

284 2901 401 2989 gonia,
433 2913 466 2964 ct
487 2897 586 2964 Ponti
614 2911 707 2983 parto
730 2919 825 2962 unam
848 2897 1056 2962 oonttituiaaa
1092 2894 1120 2957 ai
1135 2913 1252 2970 numo,
1275 2909 1309 2960 et
1325 2897 1448 2980 patoit,
1472 2916 1506 2966 et
1521 2901 1696 2968 dexterum
1713 2921 1789 2965 orna
1813 2915 1863 2966 at·

282 2983 505 3094 provinciam,
551 2995 640 3085 quod
677 2998 783 3065 refert
819 3001 956 3076 Strabo,
993 3000 1056 3064 ctai
1091 2995 1190 3068 toltit.
1210 2997 1253 3060 At
1269 3002 1513 3066 conatat'atiam
1539 3017 1624 3068 teate
1641 3005 1801 3069 Cicerone
1823 3007 1864 3086 ⁸),

280 3108 339 3170 hio
369 3123 487 3167 annum
517 3097 719 3176 distimulet,
742 3113 839 3186 atque
858 3101 934 3164 hine
956 3103 1055 3167 urba.
1091 3095 1193 3161 initia
1216 3099 1318 3162 Amici
1340 3101 1410 3184 ajut
1426 3105 1516 3190 nagia
1531 3105 1709 3190 domicilia.
1732 3105 1864 3171 Simile·

280 3203 502 3272 inatitucndae
538 3219 643 3266 novae
679 3201 826 3285 apochae
862 3223 972 3268 antam
1003 3223 1055 3268 oc·
1091 3199 1246 3284 utrinque
1269 3213 1365 3288 typos
1388 3204 1463 3268 vide
1492 3201 1578 3268 inira
1600 3206 1634 3268 in
1657 3223 1757 3274 numo
1779 3208 1861 3273 cha-

280 3311 381 3396 piato.
822 3341 835 3350 --
1023 3309 1030 3321 '
1090 3298 1272 3369 hactorum.
1329 3303 1419 3368 Sitne
1463 3321 1559 3390 capnt
1603 3309 1695 3370 numi
1728 3309 1864 3376 alteriue

284 3415 358 3478 ΑΕ,
373 3411 438 3472 lut.
1091 3401 1209 3464 Persei
1230 3423 1381 3488 quoque,
1404 3405 1561 3472 decidere
1582 3427 1713 3476 vercor.
1757 3409 1890 3476 Canii.

548 3491 582 3554 A
594 3493 631 3552 Μ
644 3491 665 3552 Ῑ
676 3489 704 3551 S
718 3489 749 3549 V
759 3489 796 3552 S·
1091 3499 1224 3567 dentior
1245 3503 1391 3571 Wildiua
1412 3521 1551 3592 propter
1575 3507 1862 3593 adpositam‘ainm

324 3611 490 3678 Haritima
516 3607 624 3691 Halyn
654 3605 741 3670 inter
770 3619 804 3672 et
832 3607 898 3672 Irin
927 3605 1058 3688 fluviot,
1091 3601 1258 3668 Calaidem
1285 3607 1416 3672 Boreae
1445 3607 1484 3672 F.
1517 3613 1642 3687 atntnit,
1672 3633 1691 3674 a
1717 3633 1783 3698 qno
1817 3615 1864 3676 ait

279 3715 363 3782 orba
388 3707 549 3785 celebria,
578 3707 830 3804 Atheniensium
856 3724 890 3774 ct
911 3707 1058 3776 Milesio·
1091 3703 1255 3770 conditam
1287 3699 1454 3787 Α1111111111,
1485 3713 1578 3775 1111110
1600 3725 1707 3777 11111111
1728 3713 1860 3798 prodito

280 3839 356 3884 rum
392 3811 523 3879 colonia
557 3807 736 3876 aecnndnm
775 3811 986 3890 Strabonem,
1021 3826 1055 3878 ct
1090 3819 1225 3873 auctora
1244 3803 1288 3892 b).
1341 3815 1390 3876 Ex
1417 3811 1603 3892 Amazona,
1636 3833 1732 3899 qnam
1761 3813 1861 3878 habet

281 3918 454 3983 Arrianm
470 3916 522 3993 i),
544 3931 653 4000 nequa
675 3913 792 3998 apibua
819 3913 1054 3994 numiamap'oit
1088 3927 1206 3974 numne
1224 3913 1435 3990 Concordiae,
1457 3913 1679 3996 arguendum,
1700 3913 1861 3982 creditum

281 4019 388 4084 minua
412 4016 511 4081 clara.
574 4015 579 4028 '
761 4041 762 4049 ¹
1089 4011 1270 4091 Antiochia,
1294 4013 1410 4078 urbam
1430 4033 1520 4079 tuam
1537 4015 1577 4079 ab
1591 4019 1760 4082 Amazone
1784 4034 1861 4080 ooo·

546 4123 777 4188 Autonomt.
1089 4108 1200 4180 ditem.

325 4231 577 4310 eaputjevontta
593 4237 708 4300 tectum
719 4231 1054 4310 qatcarecurvmau·
1179 4219 1186 4226 ’

374 4540 424 4612 ¹5)
443 4535 553 4618 Peripl.
571 4537 646 4598 Eux.
733 4541 763 4614 1)
781 4538 904 4605 liesiod.
922 4539 1033 4624 Theop.
1052 4563 1082 4606 v.
1101 4507 1167 4610 Ι280.
1187 4543 1366 4624 Apollodor.
1384 4547 1416 4608 h.
1435 4549 1475 4612 tt,
1492 4511 1518 4610 c.
1536 4551 1562 4612 4-
1583 4551 1607 4621 i.
1627 4559 1653 4610 t.
1704 4513 1706 4516 Ι
1742 4549 1770 4618 1)
1795 4547 1855 4608 Pro

276 4632 336 4712 lag.
355 4627 456 4690 Manil.
542 4625 576 4700 11)
594 4626 745 4690 se1.num.
762 4649 792 4710 p.
807 4639 853 4696 57.
913 4661 915 4664 ·
