4232 5488
816 550 1405 692 ATTICA.
1715 547 1822 706 Ι919

244 751 724 840 Athenisrepertocumpsret,
734 755 1018 842 quodediditl’sc·
1052 777 1120 828 tum
1152 780 1250 851 caput
1275 767 1359 833 illud
1382 767 1469 835 haud
1491 769 1589 840 duhie¹
1612 774 1677 842 erit
1696 777 1820 846 Bacchi
1858 841 1861 848 .

245 851 441 937 oisudus1).
463 856 773 936 Numumsimilem,
790 859 1016 926 sednousatis
1051 866 1167 935 ludici

242 967 422 1044 integrum,
435 977 510 1022 cum
526 977 561 1018 ιιι
571 978 612 1022 eo
620 953 730 1024 ΕΦΕ.
739 958 1016 1046 legendumputa·
1051 972 1121 1035 ΑΒ.
1144 983 1177 1035 er
1196 975 1269 1036 ΑΕ.
1293 976 1325 1036 ι’.

240 1082 331 1138 rem,
362 1060 443 1125 olim
467 1057 634 1143 Ephesum
658 1080 833 1148 perperam
857 1063 954 1148 adegi
968 1061 1014 1149 ¹⁸),
1342 1132 1370 1192 B
1390 1110 1486 1212 ομ
1506 1134 1522 1193 1,

625 1227 645 1265 ἱ
696 1230 698 1234 ,
1479 1221 1485 1238 ,

565 1269 583 1306 *
685 1273 705 1310 *
829 1286 835 1298 ‘
1042 1319 1047 1338 ·
1093 1282 1218 1346 Numos
1246 1286 1405 1350 Demetrio
1433 1289 1634 1352 Poliorcetes
1657 1287 1697 1352 ah
1720 1291 1821 1358 Athe·

287 1385 406 1447 eom„
430 1386 633 1453 maehum
663 1393 698 1454 ᾗ,
730 1394 824 1456 mii,
856 1393 1015 1478 capitib„
1050 1380 1219 1446 nieusihus
1241 1383 1409 1450 dedicatus
1430 1385 1507 1454 vide
1527 1379 1710 1456 iu'munets
1725 1393 1822 1480 hujus

243 1484 381 1570 galeatis
406 1489 457 1552 sui
473 1494 596 1553 'musei
625 1493 807 1571 Periclem,
835 1495 1014 1578 Aspasiam,
1043 1481 1263 1550 ’Μῠῦθᾶθΰῐᾶθ
1285 1488 1385 1573 ΐθὸἱῦ·

241 1587 440 1663 Aristidem,
499 1591 688 1671 Cimonem,
742 1595 1011 1672 Themistoclem,
1430 1642 1449 1680 3

239 1687 693 1768 Phaedram,Collisthenem
711 1697 807 1773 vidit,
830 1693 925 1779 quam
940 1719 1011 1761 sen·
1088 1743 1104 1764 .-
1368 1687 1389 1728 ⁶
1492 1688 1512 1728 ¹¹

240 1791 375 1854 tentiam
396 1793 462 1878 jam
478 1795 677 1881 improbarit
689 1797 857 1863 Coruinius
878 1795 914 1878 ¹).
936 1801 1011 1864 Ple·
1088 1797 1212 1859 Numus
1243 1801 1441 1862 Mithridatis
1474 1804 1546 1878 VI„
1583 1801 1704 1888 aliique
1745 1827 1818 1888 syn·

239 1892 335 1978 riqne
363 1895 409 1969 hi,
427 1896 519 1958 nutui
546 1909 673 1962 exstant
704 1899 801 1962 etiam
828 1902 860 1961 iu
897 1923 1010 1966 museo
1047 1895 1177 1963 chroni:

240 1996 420 2074 Caesareo,
449 2009 482 2060 st
510 1997 544 2060 iu
571 1997 623 2062 his
653 1997 868 2066 indubitatum
890 2015 940 2066 est
960 2027 1023 2070 cs·.
1090 2001 1192 2080 0an
1204 2002 1363 2066 Palladit·
1379 1993 1404 2057 ἶ
1418 1996 1526 2068 ΑΘΕ.
1541 1999 1818 2070 ΒΑΣΙΛΕΜῘ·

239 2113 299 2181 put
327 2097 481 2161 Palladis.
524 2097 674 2165 Vidimus
704 2101 880 2180 hacteuus,
909 2107 1010 2169 Athe·
1047 2096 1818 2182 ΘΡΑΛΑΤΗΣ.ἰπῇαᾹΡΙΣΤῙΩΝ.ΝοοΙυα
1897 2187 1901 2204 ,

239 2201 372 2264 nienses
401 2199 560 2285 pleraque
591 2223 765 2266 humorum
796 2225 929 2269 suorum
959 2229 1009 2270 ar·
1045 2205 1154 2265 diotae
1176 2207 1345 2280 insistens,
1367 2206 1403 2266 iss
1425 2225 1505 2268 urea
1523 2217 1614 2270 asoa
1628 2211 1707 2289 solis
1723 2221 1755 2272 ee
1770 2215 1819 2274 lo·

240 2320 395 2384 gementu
424 2301 716 2388 ex'mythologia,
739 2307 800 2372 sel
822 2309 938 2373 ritihus
961 2331 1009 2372 sa·
1044 2323 1118 2370 nee.
1147 2303 1216 2370 AR.
1243 2307 1269 2370 1.
1295 2302 1433 2384 (Combe
1455 2308 1556 2374 Catal.
1580 2326 1663 2372 mus.
1686 2310 1817 2376 Hunter

240 2404 481 2470 crishsusisse
526 2404 637 2500 Quare
660 2425 782 2472 vereor
800 2410 908 2484 etism,
924 2409 1009 2472 utin
1045 2425 1078 2488 p.
1094 2405 1172 2486 49.
1162 2425 1196 2466 1¹1
1211 2408 1315 2485 nole)

239 2525 340 2569 numo
369 2505 551 2590 Haymisno
574 2507 634 2590 ¹¹²,)
672 2507 706 2569 in
740 2530 805 2594 quo
833 2509 922 2592 juxta
959 2503 1415 2612 ea·eapor1³attaeta.t
1440 2503 1544 2574 ΑΘΕ.
1565 2505 1817 2580 ΑΡΙΣΤΙΩΝ.

239 2621 299 2689 put
331 2607 503 2672 barbatum
534 2621 568 2670 et
592 2605 716 2672 hedera
739 2626 930 2674 coronatum
964 2597 1339 2675 1ε-ΦΙΛΩΝ.ΗΙΙ
1370 2583 1498 2672 Noctua
1521 2614 1631 2676 diotae
1655 2618 1818 2694 insistam,

240 2707 329 2792 gitur
346 2705 421 2774 ΑΘ.
436 2705 519 2784 ΘΕ,
536 2711 1010 2794 reverapropositussit'I'hes·
1045 2712 1082 2770 io
1117 2731 1196 2772 oreo
1223 2714 1367 2791 Peyasate
1385 2730 1532 2790 pascens.
1559 2711 1628 2783 AR
1649 2715 1677 2779 1.
1700 2716 1815 2850 (Cetei.

127 2823 130 2829 ·
240 2810 311 2918 pis,
342 2825 439 2895 poeta
462 2809 625 2893 tragicus,
654 2823 689 2872 ut
713 2811 864 2896 opinatus
886 2829 936 2876 est
957 2833 1012 2878 co·
1046 2811 1186 2874 iluuter.
1209 2831 1241 2893 p-
1263 2814 1331 2891 tq.)

239 2911 310 2972 mes
348 2911 519 2988 laudatus,
556 2930 653 2994 quem
703 2911 888 2998 olympiade
923 2918 1010 2984 th.
1088 2914 1353 2989 eaporrattoota.
1363 2906 1490 2974 ΕΑΘΕ
1492 2907 1813 3006 ,ΑΠΕΛΛῙΚΩΝ

238 3011 390 3076 docuisse
406 3011 534 3074 fabulas
551 3025 688 3076 testatur
708 3012 833 3079 Suidas.
878 3015 1018 3097 Fateor,
1043 3001 1073 3067 Γ
1076 3005 1164 3072 ΟΡΓ
1166 3006 1263 3078 ῙΑΣ
1284 3005 1454 3079 ΛΙΟΣῙΟ.
1484 3019 1612 3080 Nerua
1634 3021 1781 3083 diotae
1768 3042 1817 3082 ao·

238 3113 362 3193 judicio
386 3113 463 3177 huic
485 3113 635 3177 nonnihil
659 3113 831 3201 suffragari
853 3136 1006 3182 coronam
1044 3116 1169 3176 sistens·
1194 3116 1263 3178 AR
1282 3113 1435 3196 [(Ιῦἱᾶ.)

239 3215 473 3291 hederaceam,
509 3217 568 3278 sed
602 3216 721 3280 mirum
758 3229 864 3282 tamen
899 3219 1009 3304 vidra-
1085 3211 1220 3278 Priores
1250 3215 1315 3280 duo
1344 3219 1436 3278 numi
1464 3219 1733 3304 praestantissimi
1764 3223 1814 3284 hi·

236 3333 308 3396 tur,
337 3317 554 3380 Athenienses
582 3315 670 3382 istdd
698 3317 834 3382 honoris
855 3299 1007 3386 hahuisse
1043 3313 1176 3378 stonam
1206 3317 1343 3402 egregie
1372 3319 1548 3386 illustrant.
1591 3321 1699 3387 Docet
1724 3323 1816 3400 haee,

237 3419 415 3506 tragoedo,
466 3417 555 3502 quod
590 3439 654 3481 non
692 3439 888 3484 concessere
927 3423 1007 3486 viris
1043 3416 1239 3482 Archelaum
1238 3441 1317 3509 pro
1334 3420 1524 3486 Mithridate
1538 3426 1595 3494 Vi.
1611 3425 1729 3488 ducem
1750 3438 1813 3488 tra·

236 3521 541 3626 praestantissimis,
563 3521 619 3607 qui
636 3541 741 3605 remp.
759 3521 828 3586 site
844 3521 943 3600 belli,
966 3526 1004 3602 si
1041 3519 1130 3602 jecto
1147 3521 1181 3581 in
1197 3519 1370 3584 Grseoism
1387 3524 1586 3595 exercitui(-
1596 3527 1633 3592 C.
1642 3524 1705 3606 6⁶7
1715 3526 1814 3589 Athe

236 3645 280 3689 ve
314 3615 404 3708 pacis
441 3625 641 3687 ornamentis
677 3623 718 3686 ad
746 3645 907 3688 summum
936 3628 1007 3711 glo·
1040 3643 1099 3702 nas
1123 3637 1157 3686 et
1178 3622 1352 3686 Piraeeum
1380 3642 1557 3709 occupasse
1578 3626 1710 3709 juvante
1740 3626 1811 3709 ejus

235 3728 306 3792 riso
328 3726 455 3811 apicem
474 3741 722 3808 promoverunt.
744 3729 907 3790 Atomnis
924 3729 1006 3794 haec
1042 3725 1177 3789 consilia
1199 3725 1381 3800 Aristione,
1404 3726 1460 3810 qui
1478 3725 1694 3790 antesdictus
1711 3726 1812 3790 Athe·

235 3827 461 3892 controversia
475 3839 587 3912 suapte
605 3828 740 3904 corruit,
753 3828 1003 3913 sisuspicemur,
1041 3826 1135 3904 niort,
1159 3827 1255 3912 sed
1246 3847 1280 3887 ru
1306 3826 1471 3890 civitatem
1489 3827 1672 3910 adscriptus
1688 3845 1808 3891 nomeu

237 3930 323 3994 male
352 3932 474 3996 lectum
504 3927 578 3994 ΑΘ.
611 3926 682 3991 ΘΕ.
711 3947 773 4013 pro
799 3925 906 3992 ΑΘΕ.
927 3952 1004 4016 pro·
1040 3929 1193 4018 mutavit,
1222 3946 1264 3990 ex
1291 3923 1492 4012 philosopho
1518 3927 1734 4012 peripatetico
1763 3929 1810 3992 fs·

234 4047 366 4117 pterea,
395 4029 484 4118 quud
511 4031 546 4092 iu
572 4031 671 4094 simili
699 4031 804 4095 altero
830 4032 1004 4102 Hunteria·
1039 4043 1110 4094 ctus
1126 4029 1327 4092 Athenarum
1347 4041 1511 4108 tyrannus,-
1536 4029 1630 4114 cujus
1645 4043 1754 4104 ortum
1769 4051 1808 4093 ac
1878 4098 1883 4109 ,

232 4157 278 4199 uo
306 4119 472 4221 posterior
499 4134 580 4197 haec
610 4133 771 4218 scriptura
800 4131 940 4212 obtinet,
970 4146 1003 4198 st
1038 4151 1250 4217 progressum
1267 4131 1333 4194 late
1347 4127 1546 4194 describunt
1560 4129 1747 4196 Athenaeus
1762 4135 1809 4216 ¹¹),

352 4526 376 4601 i)
403 4529 483 4693 Μῦν).
496 4529 608 4682 11:er
629 4552 660 4609 p.
682 4541 746 4596 tot.
797 4531 831 4606 k)
856 4531 945 4595 Num
965 4493 1147 4615 set-p02ot.
1201 4529 1227 4606 t)
1239 4533 1317 4594 Fast
1333 4532 1397 4592 Att.
1411 4531 1445 4590 T.
1461 4529 1499 4590 11.
1512 4549 1543 4605 p.
1558 4533 1621 4618 ott.
1665 4528 1703 4604 m)
1724 4528 1759 4584 Τ.
1777 4526 1803 4584 Ι.

227 4637 260 4694 P·
276 4628 396 4684 n¹·205·
445 4635 462 4667 ¹²
522 4661 529 4679 ·
674 4643 687 4690 ’.

1493 4715 1594 4779 Ees
1806 4811 1810 4822 ι
