4282 5520
361 635 435 713 sot
559 603 565 622 ‘
930 615 1382 731 criniti.

359 791 463 854 raudua
478 795 567 846 atum
579 789 611 848 α’.
626 789 762 861 lurtum,
776 781 1132 862 nnopaeumuoeo
1167 807 1374 871 purcuaaere.
1397 787 1491 884 Quae
1513 805 1609 850 causa
1630 795 1689 853 cat.
1714 803 1775 846 cur
1795 781 1866 863 ejur
1884 791 1942 866 gei

361 882 530 950 ΔΩΡΟΟ.
555 881 594 946 Β.
621 881 788 949 ΕΧΑΡΑ.
815 880 1005 948 ΤΡΙΠΟΛ.
1031 889 1133 962 eaput
1167 873 1507 968 neriaTripolitarum
1530 888 1621 948 numi
1643 903 1749 964 neque
1772 897 1859 958 ante,
1884 905 1937 946 ne·

351 992 501 1069 juvenile
524 989 713 1054 laureatum.
736 987 802 1052 ΑΕ.
823 988 848 1050 l.
867 985 1030 1068 (Pallorin
1047 989 1129 1050 llcc.
1166 1007 1230 1069 que
1253 1002 1326 1071 poat
1349 989 1523 1070 'I‘rajanum
1546 1000 1768 1068 compareant.

362 1091 419 1152 111.
439 1087 505 1152 tab.
532 1086 601 1151 tall.
624 1109 658 1150 n.
680 1093 725 1170 a.)
965 1153 969 1162 ,
1209 1085 1305 1179 Quod
1331 1107 1411 1149 vero
1438 1088 1499 1150 hoa
1522 1107 1639 1150 numos
1662 1086 1758 1169 hujua
1775 1107 1848 1148 case
1865 1088 1937 1148 Tri·

402 1181 528 1252 Eade'm
550 1188 696 1252 adverae.
724 1183 1027 1253 ϊΘΕΟΔΩΡΕΟ.
1053 1183 1133 1248 Β.--
1169 1192 1254 1272 polla
1281 1205 1412 1273 putem,
1443 1189 1537 1250 aliam
1559 1191 1717 1250 rationem
1735 1207 1800 1248 non
1821 1185 1937 1262 habuc,

361 1285 527 1358 nolllN.
553 1292 654 1368 Caput
671 1294 823 1354 muliebre
840 1297 998 1354 turritum.
1019 1289 1090 1356 ΑΕ.
1106 1296 1134 1357 l.
1169 1313 1264 1376 quum
1287 1289 1377 1373 quud
1391 1292 1473 1354 haec
1487 1288 1588 1352 luerit
1608 1289 1785 1362 illustrior,
1806 1287 1863 1348 illa
1886 1309 1940 1349 au·

361 1392 461 1476 (lbitl.
476 1414 508 1456 n.
523 1391 570 1472 3.)
1169 1407 1236 1456 tem
1253 1392 1350 1454 Ponti
1370 1392 1540 1454 cartellam
1557 1401 1691 1464 tantum,
1707 1402 1740 1457 et
1758 1389 1851 1450 loona
1866 1407 1939 1472 pcr-

408 1489 966 1557 AT.KA1.TPA1ANoc.ceB.
987 1490 1133 1556 [llll--
1170 1495 1343 1565 obscurus,
1372 1517 1388 1554 a
1419 1493 1525 1554 Plinio
1555 1509 1590 1553 ct
1615 1491 1756 1553 Arriano
1791 1489 1825 1548 in
1853 1489 1939 1572 peri·

366 1601 526 1675 trajanus
545 1597 720 1669 paludatus
736 1606 825 1656 alana
842 1617 867 1658 r.
892 1599 1034 1668 hastam,
1055 1599 1131 1658 dcc·
1169 1595 1225 1677 plo
1254 1593 1375 1657 Euxini
1406 1607 1527 1657 tautum
1552 1593 1583 1652 in
1608 1607 1794 1654 tranacurau
1818 1585 1942 1654 memoss

364 1709 465 1760 terum
480 1699 634 1758 udalitutn
651 1707 780 1776 tropaeo
807 1701 950 1776 imponit.
977 1692 1001 1754 ἶ
1026 1691 1131 1754 ΘΕΟ·
1168 1709 1273 1770 ratur,
1296 1711 1330 1758 ct
1351 1693 1433 1778 apud
1458 1715 1554 1780 quem
1578 1691 1695 1756 adduci
1718 1713 1781 1753 non
1805 1711 1937 1774 pcaaum

363 1793 532 1864 ΔΩΡΟΟ.
549 1792 587 1859 Β.
604 1791 771 1857 exal’A.
783 1791 972 1858 ΤΡΙΠΟΛ.
988 1801 1134 1860 Protomc
1169 1813 1204 1860 ut
1227 1797 1371 1872 credam,
1393 1817 1510 1859 numos
1533 1810 1596 1856 tam
1619 1795 1766 1856 illuatraa
1783 1793 1939 1878 signatos.

363 1901 501 1962 Dianae.
523 1897 592 1959 ΑΕ.
615 1899 639 1961 l.
664 1897 797 1977 (Haym.
818 1900 856 1959 Τ.
878 1901 918 1964 tl.
933 1920 964 1981 p.
983 1919 1026 1960 m.
1043 1897 1132 1980 coll.)
1169 1899 1290 1962 Fateor
1319 1897 1470 1982 quidem,
1502 1897 1569 1960 loci
1603 1895 1840 1980 ignobilitatem
1877 1912 1937 1976 gc·

375 2063 378 2070 ,
406 2003 502 2063 Aliua
524 2003 651 2074 rtmtttr,
675 2004 784 2062 audin
804 1995 828 2058 1
851 1994 1041 2061 ‘rl’tssom
1061 2005 1134 2063 Pro·
1171 2002 1308 2063 ncratim
1340 2023 1404 2062 non
1437 1999 1587 2070 obstare,
1612 2017 1685 2082 qno
1701 1995 1806 2056 minua
1829 1995 1939 2078 ulique

364 2114 446 2165 lame
489 2103 644 2164 Palladit.
687 2103 757 2164 ΔΕ.
804 2103 859 2166 lll.
907 2101 1004 2178 (Mur.
1041 2099 1135 2167 Cuea.
1171 2116 1320 2186 ternpore
1343 2101 1488 2162 illustres
1511 2099 1611 2162 edere
1634 2119 1750 2160 numos
1771 2097 1940 2179 potuisset,

363 2202 484 2280 Patin.)
543 2271 546 2281 ¹
901 2236 904 2246 ·
1172 2226 1243 2265 num
1274 2203 1368 2266 luere
1390 2204 1506 2276 urbes,
1530 2221 1611 2285 quae
1634 2199 1731 2262 aimul
1755 2211 1940 2270 creverunt,

407 2300 563 2381 lluymiua
607 2321 738 2386 numam
778 2322 871 2365 auum
907 2303 983 2364 haic
1021 2302 1134 2366 Cariae
1172 2307 1264 2366 simul
1304 2321 1516 2378 corruerunt,
1555 2303 1614 2365 aed
1645 2317 1753 2364 tamen
1783 2317 1939 2381 cuperem

367 2399 497 2486 Tripoli
535 2399 681 2464 tribuere
720 2422 785 2464 non
824 2403 999 2478 dubitarit,
1029 2421 1058 2466 at
1092 2404 1133 2466 de
1173 2409 1225 2470 rel
1256 2407 1385 2469 unicum
1416 2419 1542 2469 certum
1573 2416 1817 2486 argumentum,
1853 2399 1940 2481 quod

366 2501 527 2567 vocabulo
551 2499 710 2562 GXAPA
742 2506 960 2585 pronunciare
982 2503 1062 2566 nihil
1086 2517 1137 2566 eat
1173 2530 1230 2572 eoa
1252 2511 1284 2570 in
1308 2505 1447 2570 Pontum
1470 2507 1580 2590 polius
1604 2503 1802 2566 arartcnaloa
1829 2500 1941 2565 euade-

366 2626 474 2667 auaua.
495 2601 693 2667 Pelleriniua
712 2603 841 2688 Tripoli
863 2607 957 2671 Ponti
983 2608 1136 2692 proprior
1173 2627 1235 2680 ret.
1264 2613 1331 2684 Ea,
1361 2627 1443 2693 quae
1470 2607 1670 2668 Pelleriniua
1699 2603 1825 2680 adfert,
1854 2625 1940 2686 mag·

367 2704 580 2780 cumvolvit,
602 2705 726 2788 Lullia
746 2705 906 2788 Byzantio
932 2723 1006 2769 aunt
1024 2707 1136 2786 adlati,
1172 2731 1296 2796 nupero
1325 2725 1399 2772 aunt
1429 2707 1566 2770 infirma.
1610 2707 1718 2771 adlati
1749 2719 1823 2768 aaut
1851 2705 1943 2768 numi

366 2807 412 2872 11.
438 2805 511 2890 quia
537 2805 660 2868 fabrica
683 2805 840 2872 differunt
857 2832 876 2872 a
895 2809 1001 2870 numia
1019 2813 1136 2893 Triptr·
1171 2812 1350 2894 Byzantio,
1380 2812 1471 2894 quasi
1499 2831 1579 2874 vero
1608 2831 1649 2872 cx
1671 2809 1765 2873 Caria
1793 2827 1835 2870 eu
1856 2807 1942 2868 deri·

366 2909 408 2970 lia
437 2907 569 2976 Cariae,
601 2909 757 2990 quisunt
788 2909 886 2973 obvii.
919 2911 974 2974 lll.
1006 2912 1136 2996 quiuin
1174 2918 1243 2978 ruri
1281 2933 1345 2976 non
1385 2913 1576 2995 potuissent.
1621 2910 1694 2982 air,
1734 2905 1871 2970 differre
1898 2907 1942 2970 fa·

366 3009 464 3090 llujua
495 3011 601 3070 numia
633 3011 838 3092 meginratus
868 3029 933 3076 nou
956 3019 1135 3098 comparet.
1172 3017 1264 3086 brice
1293 3039 1308 3076 a
1337 3015 1444 3078 numia
1466 3013 1611 3098 'l'ripolia
1635 3012 1766 3086 Curiae,
1788 3011 1942 3100 quisunt

368 3109 570 3177 Vocabulum
596 3107 749 3172 ΕΧΑΡΑ
771 3112 883 3195 explet
904 3113 1056 3197 ἑχαριιξο,
1080 3139 1137 3200 pu·
1173 3118 1279 3193 obvii,
1312 3137 1424 3180 verum
1458 3137 1497 3178 au
1529 3115 1619 3176 obuii
1640 3111 1944 3202 antcCaracallamp

365 3225 477 3296 tatqua
500 3205 656 3286 indicari,
678 3233 696 3273 u
721 3213 900 3277 Theodoro
917 3221 1137 3280 atatuaa.'1'ra·
1172 3220 1264 3302 cujua
1301 3233 1407 3282 aetate
1443 3217 1589 3302 priorem
1626 3217 1697 3299 ipae
1735 3233 1801 3276 non
1829 3215 1941 3300 norit?

365 3313 431 3396 jani
462 3311 495 3374 in
527 3311 631 3374 antica
660 3313 843 3396 propositas
872 3313 973 3378 fultae
995 3334 1134 3386 erectae.
1171 3335 1268 3404 atque
1305 3319 1346 3382 ad
1382 3321 1469 3383 huuc
1504 3317 1580 3381 indc
1623 3340 1640 3378 a
1675 3317 1815 3398 'l'rajano
1846 3315 1945 3377 habea

364 3413 504 3479 Verum.
527 3433 592 3494 ego
632 3431 705 3476 cum
735 3415 875 3498 Hnymio
908 3419 1017 3502 potiua
1056 3419 1134 3484 hnic
1171 3443 1242 3484 mua
1288 3419 1495 3485 intervallum
1541 3435 1672 3484 centum
1707 3417 1806 3482 facile
1844 3437 1943 3480 auno·

365 3525 497 3576 coatrae
529 3513 657 3596 Tripoli
685 3515 897 3580 vindicandoa
924 3539 1063 3598 canace,
1101 3535 1136 3586 et
1169 3545 1258 3600 rum,
1292 3523 1382 3606 quoti
1410 3524 1513 3607 majus
1542 3535 1610 3595 eat,
1640 3539 1741 3602 quam
1764 3531 1801 3581 ut
1833 3519 1875 3580 dc
1896 3517 1942 3580 t'a·

367 3631 440 3674 cate
462 3635 502 3676 cx
527 3635 837 3680 eorum‘uumoram
854 3639 987 3701 genere,
1006 3623 1063 3707 qui
1077 3644 1138 3706 pat·
1174 3625 1264 3686 brice
1287 3625 1384 3687 liceat
1406 3639 1476 3688 tuto
1499 3623 1657 3706 judicare.
1680 3621 1743 3698 Ait,
1767 3641 1831 3683 non
1854 3639 1942 3682 com·

365 3727 488 3777 certam
512 3731 634 3778 tantum
658 3738 786 3782 caueam
809 3719 926 3800 aiguati
949 3738 1040 3799 aaut,
1060 3745 1136 3810 qua·
1173 3747 1290 3810 parcre
1325 3725 1356 3788 in
1387 3727 1531 3810 Tripolis
1567 3725 1682 3789 Cariae
1704 3722 1810 3784 numia
1839 3721 1943 3784 nomi·

364 3815 406 3878 lia
428 3815 529 3880 luerit
552 3815 639 3880 forta
660 3820 781 3884 factum
810 3821 944 3908 aliquod
965 3825 1133 3908 ringulam
1172 3847 1211 3891 na
1243 3827 1508 3910 magistratuum,
1541 3827 1628 3911 quo'd
1659 3825 1816 3910 judicium
1849 3821 1943 3884 elidi·

365 3937 403 3979 ac
441 3922 693 4002 temporarium,
731 3923 819 4009 quod
847 3945 921 3990 ,nnn
958 3925 1057 3990 modo
1093 3947 1135 3990 ex
1172 3947 1225 3994 tur
1248 3950 1346 3990 numo
1369 3930 1438 3993 Caii
1459 3928 1608 3990 Caeaaria
1634 3951 1652 3990 a
1676 3945 1727 3988 me
1750 3945 1847 4007 aupra
1868 3943 1943 4008 pro·

364 4019 522 4100 aiugulari
561 4023 718 4087 vocabalo
754 4023 921 4088 exAPA.
952 4029 1132 4093 vcriaimilc
1168 4033 1251 4110 lato,
1281 4035 1337 4118 qui
1363 4032 1495 4116 ignotus
1516 4026 1808 4102 eratPellerinic,
1832 4039 1866 4087 et
1887 4045 1943 4085 au·

361 4115 414 4191 lit,
436 4119 494 4182 aed
519 4121 633 4194 etiam.
657 4126 746 4209 quod
769 4126 889 4189 inillia
916 4151 1134 4216 nnuaperpe·
1171 4153 1224 4196 mo
1258 4137 1396 4217 Auguati
1432 4132 1519 4217 apud
1546 4131 1776 4202 Vaillaatium,
1813 4129 1847 4189 in
1878 4144 1940 4206 quo

365 4231 424 4280 tuo
447 4221 642 4286 'I'lteodorua
666 4223 800 4310 legitur.
823 4229 922 4312 'Ejua
944 4233 1132 4318 exemplum
1171 4227 1263 4300 ent.
1294 4267 1308 4282 ·
1333 4267 1347 4282 -
1377 4225 1664 4296 ΤΡΤΦΩΝΟΣ.
1709 4233 1797 4326 Quin
1826 4229 1940 4293 eadem

364 4317 499 4382 obvium
522 4325 701 4406 praebeant
730 4342 779 4390 tot
800 4329 1014 4395 dedicationia
1043 4334 1134 4397 numi
1172 4335 1253 4397 hacc
1282 4313 1490 4418 magistrilua
1522 4333 1643 4397 montio
1666 4333 1839 4397 Pellerinii
1871 4351 1942 4394 aen·

365 4421 523 4484 euadente
546 4423 733 4492 adulatione
760 4433 793 4493 in
816 4432 952 4498 Antinoi
973 4435 1133 4498 honorem
1172 4435 1306 4500 tentiam
1339 4437 1533 4510 labefactat,
1567 4457 1642 4498 nam
1671 4435 1704 4496 in
1734 4434 1827 4497 nullo
1859 4435 1941 4496 Pou-

362 4522 481 4604 aignati
504 4525 602 4588 etiam
629 4528 668 4592 ab
695 4531 735 4592 iia
759 4535 908 4616 populia,
930 4539 986 4621 qui
1007 4549 1134 4601 cetero·
1170 4536 1306 4602 ticarum
1329 4541 1459 4603 urbium
1488 4557 1605 4614 numu,
1636 4539 1664 4601 ai
1686 4539 1939 4602 Neocacaaream

364 4623 569 4709 quintillam
601 4629 694 4692 aliam
724 4635 856 4698 nomine
886 4659 944 4702 auo
969 4653 1131 4702 monetam
1171 4639 1304 4722 demur,
1344 4643 1567 4730 magiatratum
1602 4652 1730 4707 certum
1775 4637 1939 4714 habemur,
