4282 5502
316 653 390 726 tut.
866 597 1342 690 MYstA.'

321 809 461 870 slonicns
482 795 582 862 Attali
602 793 645 853 H.
667 789 773 860 filius,
802 787 948 850 sednon
978 785 1084 870 legitl·
1120 801 1215 864 quam
1238 775 1325 838 Iorte
1348 772 1389 832 iis
1409 768 1559 830 intulerit
1587 777 1783 848 propterea,
1809 763 1883 847 quie

320 927 403 978 mus,
426 901 457 964 vi
480 914 641 978 occupare
662 911 800 973 regnum
823 891 966 960 adortus,
989 905 1084 947 caeso
1122 900 1192 940 eam
1214 875 1383 961 proposuit
1405 873 1439 947 ip
1462 881 1591 928 moneta
1614 887 1669 926 sua
1692 864 1791 924 etiam
1819 866 1882 946 Ly·

319 989 459 1089 primum
482 997 609 1060 Licinio
632 996 748 1059 Crasso
760 995 982 1052 Romanorum
1002 985 1085 1047 (luce
1122 979 1301 1052 simachus,
1330 975 1383 1036 eui
1413 971 1452 1032 ad
1484 981 1667 1030 extremum
1697 961 1781 1025 fidus
1810 982 1883 1046 per·

220 1087 224 1098 ¹
322 1101 493 1188 superior,
517 1097 636 1158 deinde
659 1117 676 1154 a
698 1093 870 1174 Perpenna
899 1088 1004 1148 vietus
1035 1105 1086 1147 ca·
1123 1079 1239 1141 m'ansit
1277 1077 1494 1137 Philetaerus.
1553 1069 1693 1130 Attalum
1731 1065 1884 1125 solennes

322 1219 462 1288 ptusque
493 1199 525 1258 in
555 1213 689 1260 earcere
719 1189 939 1272 strangulatur
976 1187 1015 1252 V.
1048 1187 1083 1249 C.
1121 1177 1217 1240 ludos
1247 1178 1281 1236 in
1312 1175 1382 1256 ejus
1412 1179 1493 1234 deae
1515 1171 1676 1230 honorem
1699 1163 1884 1228 celebrasse

321 1305 540 1382 (rendlegum
565 1293 718 1377 Pergami
740 1290 909 1352 historiam
932 1289 1084 1350 adcurate
1122 1298 1162 1339 ex
1184 1275 1323 1357 Polybio
1346 1289 1468 1336 canstat
1485 1277 1524 1356 r).
1569 1269 1712 1350 Serpens
1735 1266 1776 1326 ad
1798 1279 1886 1325 vete·

323 1403 453 1486 scripsit
471 1400 609 1462 Serinus
624 1373 669 1479 (1).
931 1471 939 1484 ι
1121 1398 1191 1440 rem
1214 1375 1299 1460 apud
1320 1376 1516 1456 Pergamum
1545 1368 1732 1450 Aesculapii
1761 1365 1883 1426 cultum

510 1556 606 1616 Nm
619 1569 730 1630 a...
743 1548 903 1626 pa...
1122 1476 1330 1661 {llll
1344 1470 1886 1638 lintellis...illl&

370 1707 772 1788 commendamentum,
796 1702 902 1760 rarius
926 1699 1086 1757 diedema-
1123 1679 1273 1762 ⁸Piclunl.

325 1826 400 1876 tom.
445 1797 798 1866 ΞΦΙΛΕΤΑΙΡΟΤ.
848 1797 1088 1858 Pallassedens
1124 1785 1194 1843 AV·
1214 1779 1584 1843 nennnttnnan.
1603 1777 1640 1835 B.

325 1919 355 1976 d.
373 1915 516 1991 clypeum
538 1909 625 1966 ionii
648 1905 781 1976 attinet,
812 1902 919 1960 rarius
940 1891 1090 1959 coronam
1378 1932 1646 1995 PERPERENE·

326 2015 463 2084 attollit,
490 2031 515 2069 s.
528 2010 669 2078 kastam,
689 2023 750 2082 per
770 2019 879 2059 aream
900 2001 1013 2059 literae
1037 2013 1090 2054 so-

325 2115 473 2180 litariae,
496 2112 531 2166 in
547 2103 711 2165 nonnullis
737 2093 846 2165 ΑΣΚ,
871 2114 965 2174 saepe
985 2113 1089 2153 orcos.
1168 2088 1291 2152 Versus
1313 2083 1555 2164 Adramytium‚
1587 2082 1627 2142 ab
1657 2078 1728 2142 aliis
1759 2075 1890 2138 Aeolidi

302 2231 308 2242 ’
326 2210 452 2278 av.11.
467 2207 567 2286 (Mus,
584 2199 775 2282 Theopoli.)
799 2201 866 2260 att.
886 2195 911 2261 l.
927 2191 1028 2274 (apud
1040 2213 1090 2255 vu·
1127 2185 1256 2249 tributa.

327 2311 413 2382 rios,
435 2305 610 2390 praecipue
624 2301 869 2379 Pellerinium.)
994 2311 999 2318 ·
1171 2289 1360 2350 Aulenumis
1382 2298 1482 2346 earet.

372 2412 473 2488 Capul
506 2406 653 2466 Palladis
683 2405 856 2481 polenium.
908 2391 932 2452 t
959 2386 1092 2452 ΦΙΛΕ·
1169 2389 1372 2466 Imperatorii
1411 2405 1427 2442 s
1457 2387 1589 2448 Nerone
1618 2401 1720 2466 usque
1751 2379 1790 2443 etl
1819 2375 1898 2443 Ote-

328 2501 511 2568 TatPOT.
529 2508 676 2580 Serpens.
698 2499 767 2564 ΑΕ.
795 2497 852 2558 Ill.
876 2497 975 2577 (Mus.
1001 2495 1092 2556 Caes.
1131 2487 1250 2554 elliam.
1295 2485 1475 2566 Singularis
1499 2500 1549 2546 est
1571 2502 1727 2564 sequens:

329 2608 462 2689 Hsym.)
1175 2583 1412 2650 NePttttoc.
1436 2579 1689 2645 ΚᾺΑΤΔΙΟΤ.
1709 2573 1895 2664 ΙΗΓΕΜΟ·

372 2712 474 2784 Capnt
496 2707 670 2784 Apollinis.
726 2697 750 2759 Σ
783 2689 1094 2758 ΦΙΛΕΤΑΙΡΟΤ.
1131 2685 1227 2756 ΝΙΑ.
1252 2691 1351 2764 Capul
1364 2689 1515 2748 muliebre
1534 2689 1721 2746 laurearum.
1749 2671 1893 2738 esser-

334 2810 457 2888 Tripns.
474 2805 545 2868 ΑΕ.
559 2806 620 2867 ΠΙ.
636 2801 784 2883 (Heym.)
1133 2765 1383 2872 tteltttttzn.
1398 2766 1607 2849 Bari-ualli.
1626 2785 1683 2845 Ill.

374 2913 475 2984 Capul
499 2909 595 2985 repis.
638 2893 888 2960 ae'tlttltETAI
909 2929 948 2946 ··
970 2899 1096 2957 Folium
1172 2887 1268 2949 Hunc
1290 2905 1421 2948 numum
1456 2905 1496 2945 ex
1527 2902 1641 2951 museo
1678 2881 1812 2964 collegii
1841 2881 1893 2941 sui

330 3013 475 3069 hederae.
503 3007 572 3068 ΑΕ,
597 3003 652 3068 lV.
677 3004 774 3080 (Mus,
806 2997 908 3079 prino,
936 2995 976 3058 de
1005 2997 1097 3058 Wal-
1132 2987 1256 3071 primus
1283 2987 1429 3068 vulgarit
1457 2985 1643 3048 Hartluinus
1673 2987 1717 3068 ε),
1753 2981 1896 3044 restituit

332 3105 441 3184 deal.)
1132 3088 1183 3148 bis
1206 3086 1378 3149 Mosellius
1402 3089 1438 3169 t).
1493 3087 1589 3151 Solae
1614 3083 1893 3149 Thraciaeurbes

373 3207 409 3266 In
432 3205 523 3266 nullo
547 3203 704 3264 haetenus
725 3198 759 3259 id
790 3217 892 3280 genus
922 3215 1039 3263 numo,
1069 3193 1096 3254 si
1131 3187 1165 3248 in
1183 3185 1471 3270 numisipepersn,
1488 3191 1671 3266 praesides.
1702 3198 1896 3257 memorant,

333 3305 540 3368 Goltzianuur
565 3304 696 3378 demes,
726 3311 893 3380 repertum
924 3311 975 3356 est
1003 3292 1098 3358 addi·
1134 3307 1240 3370 eoque
1263 3289 1394 3350 nomine
1425 3288 1613 3350 intellectus
1640 3285 1703 3349 fuit
1729 3287 1896 3368 magistra·

334 3422 401 3469 tum
419 3395 678 3470 ΒΑΣΙΛΕΩΣ,
701 3400 867 3463 Omissum
890 3395 1099 3458 illudaPlti·
1134 3402 1186 3450 tua
1215 3393 1398 3464 Romanus,
1430 3390 1485 3473 qui
1517 3387 1704 3473 provincise
1744 3383 1896 3468 praefuit.
2005 3467 2008 3472 Ι

332 3511 478 3582 lettere,
509 3519 542 3567 et
568 3505 716 3565 Eumene
741 3501 785 3575 l.,
815 3481 1016 3581 nequaquem
1042 3495 1100 3556 mi·
1137 3491 1180 3552 At
1200 3491 1233 3550 in
1255 3491 1318 3552 hoo
1341 3510 1440 3552 numo
1470 3491 1600 3551 nomine
1631 3483 1895 3550 ΗΙἮΜΟΝΙΑ.

332 3629 424 3685 rum,
447 3607 535 3692 quod
557 3603 619 3685 ipsi
651 3601 685 3662 in
714 3617 835 3662 nomen
865 3597 992 3677 regium
1021 3614 1099 3654 non-
1135 3591 1333 3676 intelligitur
1349 3595 1552 3671 principatus
1580 3593 1734 3662 Neronis,
1764 3605 1838 3645 nam
1864 3599 1898 3645 et

335 3707 410 3771 dum
445 3709 605 3770 invasere.
658 3697 870 3762 llo-tandem
911 3698 957 3758 uti
991 3695 1101 3779 eoepit
1136 3693 1224 3773 ipsos
1246 3697 1461 3775 imperatores
1484 3712 1581 3774 saepe
1603 3713 1621 3753 a
1641 3686 1898 3752 Graecisdietos
2010 3757 2015 3766 ¹

335 3811 462 3876 Attalus
483 3811 509 3870 l.
531 3807 625 3870 vietis
648 3821 765 3882 magna
781 3799 893 3882 gloria
914 3799 1027 3872 Gallis,
1045 3797 1101 3858 do·
1136 3793 1237 3854 luisse
1260 3789 1430 3879 lipsienses,
1454 3793 1620 3856 ostendam
1642 3792 1674 3852 iu
1698 3788 1898 3852 tractatorio

336 3909 485 3974 centibus
506 3906 593 3996 istutl
616 3903 791 3980 Strabone,
813 3901 926 3975 Livio,
949 3899 1100 3977 Polybio.
1136 3899 1351 3958 Praesidibne.
1396 3897 1499 3980 Caput
1529 3893 1692 3955 muliebre
1720 3893 1900 3952 laureatum

254 4010 268 4030 '
334 4013 436 4074 Forte
467 4021 643 4088 propterea
670 4003 747 4066 huie
784 4018 817 4064 et
856 3999 1102 4064 successoribus
1137 4007 1187 4056 est
1210 4009 1305 4076 eaput
1327 3995 1539 4076 symbolicum
1578 3995 1678 4078 ipsius
1708 3987 1898 4078 Ηιγεμονιας,

339 4109 504 4173 tribuendi
525 4107 593 4184 illi,
615 4107 670 4192 qui
694 4119 791 4186 eaput
823 4093 1045 4166 diadematum
1063 4099 1103 4162 si·
1138 4109 1174 4157 ut
1191 4095 1269 4159 alibi
1284 4112 1431 4174 senatus,
1455 4097 1585 4182 popuII‚
1610 4091 1756 4176 Γερυσιας
1773 4107 1836 4156 ote.

340 4225 436 4274 stunt.

380 4309 522 4373 Palladis
545 4307 673 4392 efligies
688 4306 722 4366 in
745 4307 909 4387 argenteis
931 4319 1101 4388 perpetuu,
1448 4296 1467 4336 'l
1509 4253 1531 4291 φ’
1568 4297 1587 4335 *

452 4501 484 4570 q)
504 4501 534 4556 Β.
552 4501 586 4558 L.
606 4498 642 4556 Τ.
662 4497 726 4556 XII.
745 4499 833 4556 Mem.
851 4517 881 4573 p.
900 4502 962 4560 204.
1041 4573 1047 4584 ἱ
1075 4497 1102 4568 r)
1122 4497 1197 4558 Ilist.
1217 4499 1247 4558 L.
1266 4499 1316 4560 lv.
1335 4479 1369 4560 c..
1386 4509 1430 4567 49.
1544 4501 1570 4572 ⁶)
1589 4499 1675 4557 Num.
1702 4495 1769 4557 urb.
1798 4472 1905 4554 illustr.

360 4592 382 4666 t)
403 4589 528 4667 Specim.
548 4587 608 4646 tab.
626 4587 706 4646 XXI.
725 4599 755 4646 et
773 4587 872 4664 Impp.
890 4587 975 4646 Tum.
994 4587 1034 4650 11.
1054 4607 1085 4665 p.
1105 4591 1167 4652 134.
