4270 5488
302 587 441 676 ,y,·
841 571 1389 653 neesserrnr.

340 755 455 822 Martis
484 765 579 840 capot
606 750 801 852 frequenter
828 748 1048 836 conspicimus
1057 735 1109 807 ἰιι
1138 679 1230 811 forte
1259 747 1402 833 petenda
1430 767 1472 811 ex
1501 769 1601 812 numo
1632 748 1723 826 VN,
1713 771 1747 812 ιιι
1769 769 1834 833 qne
1856 749 1911 811 hs·

340 860 447 926 nuruis
481 857 707 932 Bruttiorum,
739 851 943 935 aliorumque
973 847 1110 935 populo·
1144 847 1243 912 betur
1282 863 1380 932 capnt
1414 849 1559 934 juvenile
1588 848 1827 932 diadematum3
1858 869 1912 914 re·

341 961 434 1039 rom,
464 958 543 1045 quin
574 969 608 1020 et
635 955 670 1018 io
692 953 848 1018 Romanis
876 949 1072 1037 adscripto'
1062 970 1110 1011 ιιι·
1145 971 1219 1012 rum
1247 951 1355 1015 crines
1385 951 1540 1035 oblongi,
1563 965 1598 1016 et
1619 952 1773 1030 uniones,
1795 950 1912 1038 quibus

344 1083 444 1150 super
473 1057 607 1126 MARS
626 1055 790 1122 VLTOR.
833 1057 884 1118 Ad
905 1055 987 1120 haec
1013 1050 1111 1115 dubia
1146 1051 1443 1136 collumsuperbit,
1461 1066 1584 1120 certam
1603 1051 1758 1116 feminam
1777 1053 1912 1126 iaciunt,

282 1172 286 1180 ’
343 1185 418 1228 oum
449 1159 638 1224 adverteret
666 1160 834 1242 Cuperus,
858 1157 971 1222 verior
992 1150 1113 1236 Pyrrhi
1147 1166 1180 1216 et
1195 1167 1231 1216 nt
1244 1153 1392 1232 ridetur
1414 1157 1666 1243 Proserpinam,
1688 1155 1792 1239 qnalrs
1809 1168 1861 1218 est
1879 1155 1911 1215 in

344 1261 475 1348 effigies
510 1259 683 1324 ridebatur
718 1279 775 1336 es,
813 1281 909 1344 quam
955 1255 1114 1320 exhibent
1147 1275 1248 1318 numo
1270 1257 1324 1324 lv.
1347 1258 1467 1322 ceteris
1488 1258 1635 1344 partibus
1662 1257 1772 1322 simili.
1812 1255 1912 1316 Deni-

343 1364 436 1429 nnmi
466 1361 594 1446 quidam
625 1361 792 1446 argentei,
823 1361 856 1422 in
888 1359 1005 1446 quibus
1036 1355 1113 1419 hinc
1150 1377 1213 1440 que
1239 1377 1281 1420 ex
1307 1351 1364 1432 iil,
1387 1378 1470 1442 quse
1491 1359 1667 1444 disputari,
1689 1358 1777 1422 istud
1798 1357 1913 1422 saltem

252 1452 254 1460 ’
346 1480 396 1531 est
426 1477 523 1546 capnt
550 1461 647 1528 virile
677 1460 825 1524 imberbe
854 1461 1054 1535 laureatum,
1077 1457 1116 1518 il·
1148 1473 1318 1535 tenemus,
1348 1458 1432 1524 nihil
1450 1459 1556 1524 nobis
1586 1462 1744 1526 hactenus
1767 1459 1850 1524 certi
1871 1459 1913 1520 de

344 1569 413 1630 linc
446 1564 580 1650 clephas
608 1576 708 1626 stans.
750 1563 875 1630 Verum
906 1563 966 1628 hos
996 1579 1113 1624 numos
1148 1557 1269 1643 Pyrrhi
1289 1557 1402 1645 effigie
1423 1575 1584 1639 constare,
1599 1584 1743 1628 omnium
1762 1582 1841 1627 rere
1856 1580 1915 1620 mr·

347 1689 420 1733 esse
460 1665 618 1740 Punicos,
658 1678 692 1728 et
721 1678 817 1753 caput
844 1665 929 1726 illud
957 1660 1114 1726 Herculis
1143 1661 1238 1723 nime
1267 1661 1372 1746 capita
1400 1662 1534 1728 barbata
1564 1666 1709 1750 galeata,
1741 1684 1825 1751 quae
1846 1659 1917 1724 rol·

346 1769 458 1853 Tyrii,
480 1769 545 1830 alio
567 1767 643 1830 leco
665 1763 970 1830 demonstrabimus.
1014 1761 1116 1826 Deni·
1151 1781 1194 1846 go
1209 1763 1329 1844 Pyrrhi
1342 1763 1514 1844 dicuntur,
1537 1765 1609 1848 ejus
1625 1787 1698 1828 esse
1713 1765 1812 1850 regis,
1824 1783 1934 1850 prae·¹

345 1889 410 1958 que
438 1865 730 1935 Winelselmannus
762 1881 796 1930 et
830 1867 979 1954 Cuperus
1016 1865 1114 1928 aliurn
1151 1862 1246 1948 cipue
1282 1883 1357 1926 oum
1385 1866 1495 1930 nullus
1525 1867 1595 1950 ejus
1625 1869 1699 1932 seri
1725 1888 1785 1930 rex
1812 1868 1916 1930 Euro-

345 1995 481 2045 numum
500 1960 1115 2054 respexere,inqoorBAZlAEil.2.
1150 1984 1252 2050 pasus
1280 1963 1414 2030 barbam
1444 1989 1545 2053 usqne
1579 1989 1620 2032 eo
1642 1969 1853 2054 promittere,
1884 1979 1932 2024 ιιικ

348 2066 551 2137 ΠΤΡΡΟΤ.
582 2073 683 2150 Caput
715 2071 810 2130 virile
839 2055 977 2136 imberba
1007 2073 1116 2132 diode-
1151 2064 1238 2128 diets
1267 2067 1372 2150 capita
1389 2069 1576 2148 exhibent,
1604 2067 1825 2151 consueverit,
1854 2069 1917 2132 Le·

346 2155 865 2242 matumrssorerttTrttN.
889 2175 1116 2250 lictoriapro·
1150 2166 1263 2258 pidum
1307 2167 1446 2246 factum,
1490 2171 1579 2256 qnod
1614 2172 1770 2254 perhibet
1804 2169 1917 2233 Locis·

347 2281 541 2342 wmbrnrsm
572 2283 699 2336 tauram
723 2272 856 2350 feriens.
900 2267 994 2334 Adde
1021 2271 1115 2334 binos
1144 2289 1212 2339 ,nus
1235 2265 1286 2352 h),
1312 2285 1519 2356 praesentem
1550 2294 1680 2338 eausam
1703 2271 1919 2337 eximieillu·

348 2379 432 2445 slios
464 2395 539 2438 eum
565 2371 745 2455 epigraphe
772 2366 1115 2437 ΘΕΣΠΡΩΤΙΩΝ.
1153 2385 1244 2437 strat.
1287 2372 1473 2451 Creditum,
1500 2375 1563 2451 sit,
1591 2377 1741 2459 Pyrrho,
1772 2396 1845 2440 esse
1882 2395 1917 2438 se

344 2477 447 2541 Numi
461 2475 497 2537 hi
512 2474 570 2538 nni
585 2471 718 2536 Goltzio
735 2471 807 2537 visi.
831 2473 867 2537 si
891 2471 1044 2556 genuini,
1069 2485 1117 2534 te·
1153 2471 1342 2536 Alexandro
1363 2477 1412 2537 hl.
1434 2473 1657 2552 simillimam,
1680 2491 1714 2540 et
1735 2497 1811 2541 cnm
1832 2474 1918 2540 sorte

348 2556 463 2671 nemus
480 2575 644 2658 Pyrrhum
660 2571 878 2655 Capitolinum
895 2573 988 2656 large
1004 2571 1116 2636 barbe·
1153 2575 1313 2640 Larissae·
1335 2590 1442 2653 esset,
1465 2578 1647 2642 ostendisse
1670 2579 1820 2664 hospitae
1842 2600 1919 2642 snse

347 2677 574 2764 tompordno
593 2675 783 2758 etamplius
809 2676 940 2738 saecula
963 2675 1118 2759 imposto-
1153 2675 1311 2762 imagines
1332 2677 1495 2763 Philippi,
1516 2678 1714 2759 Alexandri,
1730 2681 1919 2757 Perdiccae,

211 2806 218 2814 ·
347 2781 431 2858 rem,
446 2781 506 2857 sin,
523 2777 612 2864 quod
625 2775 816 2850 verisimile,
835 2771 925 2852 ficti,
945 2775 1026 2838 nihil
1044 2777 1118 2839 hac·
1154 2777 1345 2858 Cassandri,
1382 2777 1587 2864 aliorumque
1615 2791 1750 2866 regum,
1780 2781 1921 2845 sciscita-

322 2897 444 2946 ·tenus
462 2883 504 2946 de
520 2879 642 2964 Pyrrhi
658 2877 770 2964 effigie
783 2878 1011 2960 comperimus.
1152 2891 1289 2964 tumque
1327 2901 1369 2944 ex
1405 2903 1461 2959 ea,
1500 2883 1627 2946 cuinam
1659 2883 1776 2946 berum
1806 2883 1920 2946 similis

389 2985 517 3059 Verum
535 3003 574 3045 an
591 2980 669 3044 inde
688 3003 705 3042 ι
722 2981 852 3062 Capeno
870 2979 1118 3065 nihilopluslu-
1154 2995 1259 3058 esset,
1281 2982 1379 3064 plane
1401 3003 1610 3065 persuasum,
1633 2981 1707 3048 fore
1730 2998 1766 3046 ut
1783 2984 1921 3048 Alexan·

350 3088 397 3151 cis
416 3083 571 3147 adfulsit?
594 3081 779 3165 Oportebat
802 3081 888 3144 istud
904 3097 999 3147 aucto
1016 3083 1119 3144 subsi·
1156 3079 1251 3144 drum
1273 3083 1435 3174 innueret.
1479 3089 1521 3147 At
1543 3085 1716 3150 mulierem
1739 3085 1921 3170 simplicem

218 3190 226 3198 '
350 3185 481 3250 diorum
497 3204 646 3248 numero.
666 3183 792 3252 Verum
801 3183 920 3245 iterum
931 3183 1119 3268 perturbata
1154 3203 1365 3269 pernegasse,
1383 3185 1499 3248 horum
1516 3187 1572 3249 nni
1587 3207 1662 3250 oum
1681 3208 1753 3250 csse
1771 3187 1922 3262 similem,

351 3285 471 3353 omnis.
516 3287 642 3382 baptor
657 3283 935 3370 musoiTheupoli
952 3285 1047 3350 binos
1062 3307 1120 3347 nu·
1156 3284 1234 3366 quin
1263 3286 1371 3368 potius
1402 3286 1612 3352 Batracbioni
1640 3307 1739 3362 coco,
1778 3287 1835 3373 qui
1861 3287 1924 3349 init

350 3409 423 3454 mos
445 3387 582 3462 recitat,
606 3387 641 3448 in
666 3385 805 3470 quorum'
822 3406 905 3458 unc,
926 3405 1026 3468 quem
1044 3385 1118 3450 loco
1151 3385 1318 3460 Larissae.
1359 3387 1451 3470 Ergo
1474 3389 1531 3474 qui
1552 3389 1924 3472 Pyrrhumiuiasebar·

351 3493 408 3562 Vl.
430 3489 605 3574 proposui,
628 3499 678 3550 est
698 3499 793 3567 eaput
813 3485 984 3548 barbatum
1011 3485 1120 3550 diade·
1155 3488 1264 3552 batum
1299 3489 1519 3568 contendunt,
1561 3491 1778 3575 comprobent
1813 3491 1921 3566 etiam,

345 3607 483 3657 matum.
508 3593 598 3667 En,
627 3591 666 3652 si,
681 3586 826 3654 fideliter
852 3587 1040 3670 'descriptus
1062 3611 1120 3652 nn·
1155 3589 1376 3654 Alexandrum
1396 3609 1526 3674 quoque
1541 3589 1674 3655 barbam
1692 3593 1824 3662 aluisse.

342 3715 442 3771 mus,
471 3691 636 3775 Pyrrhum
666 3690 766 3753 barba
804 3689 925 3753 iterum
955 3691 1120 3754 vestitum.
1199 3697 1270 3754 AV.
1293 3696 1360 3756 Aa.
1383 3697 1454 3756 ΑΕ.
1476 3696 1514 3758 lt.

349 3796 460 3861 Litem
496 3794 584 3860 forte
620 3792 792 3860 dirimeret
826 3811 944 3855 numus
972 3791 1121 3872 ejusdem
1149 3851 1161 3890 ,I

263 3887 272 3908 '
350 3897 474 3962 mosei,
503 3913 599 3980 quem
628 3908 830 3978 postremum
853 3881 1024 3975 proposui,
1047 3915 1121 3957 cum
1176 3879 1178 3886 ’
1265 3949 1271 3969 ,
1340 3861 1374 3922 Α
1387 3863 1678 3924 LEXANDEB
1714 3865 1760 3926 H·

209 3999 214 4010 '
351 3997 478 4062 feratur
507 4009 684 4078 argenteus
718 3993 850 4056 maximi
878 3991 1021 4072 moduli,
1063 3993 1122 4056 sed
1199 3995 1320 4080 Pyrrhi
1350 4017 1391 4060 ex
1421 3996 1563 4060 Lsnassa
1588 3997 1779 4083 Agathoclis
1799 3999 1868 4064 filis
1888 4002 1924 4064 fi·

341 4119 510 4184 genarum
538 4097 712 4184 peristasiu
745 4093 894 4177 neglexit
923 4110 1055 4171 auctor,
1086 4107 1120 4158 et
1156 4097 1229 4166 lius.
1246 4099 1363 4162 Frstre
1378 4096 1507 4160 seniore
1523 4099 1715 4163 Ptolemaeo
1732 4101 1816 4185 apud
1827 4103 1924 4186 Spar·
1968 4082 1973 4092 ¹

352 4201 465 4266 monui
486 4217 615 4282 ¹supra,
651 4193 794 4262 numum
816 4197 903 4258 hunc
932 4197 1040 4260 rideri
1069 4220 1120 4259 su·
1151 4215 1220 4264 tam
1243 4201 1456 4286 interempto,
1470 4215 1562 4284 patre
1584 4201 1681 4284 Argis
1698 4221 1795 4271 caeso
1817 4217 1923 4286 pster-

352 4313 520 4388 spectum,
552 4301 597 4362 Et
623 4317 665 4361 ns
695 4299 792 4383 qnid,
814 4297 901 4384 quod
924 4299 988 4362 buc
1009 4300 1119 4363 facere
1154 4325 1233 4365 nom
1264 4323 1404 4388 regnum
1433 4303 1500 4366 adit
1536 4301 1631 4372 ducta
1664 4321 1780 4365 sorore
1804 4289 1922 4387 ¹Olym·

352 4403 489 4490 possit,·
517 4397 675 4474 indictum
705 4393 857 4482 sitfejns'
878 4402 966 4484 regis
989 4399 1119 4486 effigies
1155 4405 1261 4490 piade.
1283 4403 1496 4468 Macedoniae
1528 4407 1635 4485 regho
1664 4402 1760 4488 pulso
1789 4405 1926 4490 Antigo-

252 4611 258 4624 “
372 4584 375 4591 ¹
468 4611 500 4686 ιι)
521 4581 635 4670 advers.
648 4579 779 4700 ,indocti
850 4583 853 4588 Ι
1093 4590 1099 4606 “
1872 4631 1878 4646 ι
