4282 5502
620 835 1488 986 .:hE,.SBV.'S.,

963 1137 1336 1160 m

327 1335 483 1428 '‘Nobitia
497 1361 603 1429 famae
620 1363 726 1428 inania
745 1363 875 1432 Aeanti
889 1368 1047 1454 opponite.
1146 1365 1303 1451 scriptun
1330 1375 1382 1426 eat
1405 1347 1626 1426 ΛΕΣΒΙΟΝ.
1670 1365 1764 1430 Bono
1787 1365 1909 1432 {sumac

386 1473 583 1531 Autonomos
624 1485 747 1530 annaeo
777 1467 902 1532 Gaituii
937 1467 1110 1547 heneheio,
1146 1467 1253 1532 anime
1283 1461 1508 1536 credideram,
1535 1482 1610 1526 eum
1639 1460 1681 1527 ed
1717 1486 1769 1530 ane
1806 1469 1915 1550 perie-

345 1585 378 1634 et
412 1567 576 1633 communi
606 1565 811 1632 eruditorum
831 1587 993 1634 aanaenan
1013 1570 1112 1634 hahet
1149 1581 1266 1630 rantur
1295 1565 1345 1630 cl.
1378 1561 1577 1640 Ceneinerii,
1611 1584 1708 1652 quem
1739 1568 1772 1628 in
1804 1571 1914 1652 prexi-

345 1683 539 1756 aaquentea,
565 1666 698 1748 jurene,
719 1688 760 1731 nn
780 1667 914 1752 injuria,
946 1689 1021 1735 mox
1044 1671 1111 1734 dia.
1146 1689 1200 1732 ma
1235 1669 1364 1729 ‘l'enrne
1398 1663 1626 1742 laudaveram,
1667 1658 1799 1744 literae,
1843 1672 1914 1750 qni·

345 1771 557 1856 ceptahimua.
1146 1769 1208 1832 bur
1232 1763 1444 1848 significarit,
1471 1762 1566 1846 huju·
1588 1769 1772 1849 argumenti
1797 1791 1913 1832 nunnae

390 1880 579 1944 Centaurus,
605 1872 640 1929 io
660 1871 738 1930 aliia
759 1871 1112 1951 Saturumuduafiaao
1147 1869 1339 1954 frequentea
1365 1861 1469 1936 effodi
1495 1861 1528 1924 in
1555 1865 1764 1945 Macedonia,
1797 1885 1831 1934 et
1864 1891 1916 1933 re·

346 1998 409 2038 uuo
435 1993 536 2056 pouu,
558 1973 721 2033 mulierem
745 1974 884 2034 brocaria
900 1977 1112 2036 romanatum
1148 1970 1251 2053 periri
1269 1979 1406 2053 propter
1418 1961 1579 2048 oppidum
1599 1969 1733 2046 maore,
1755 1991 1821 2034 non
1835 1993 1913 2053 pro.
2036 2005 2041 2010 -

346 2085 439 2136 tenet.
460 2067 483 2128 ἶ
507 2075 706 2149 Quadratum
721 2074 867 2132 iuourum
882 2079 999 2136 aarum·
1015 2077 1111 2138 modi.
1148 2073 1203 2134 eal
1230 2061 1397 2136 veterihua
1419 2064 1591 2150 Philippis.
1635 2065 1720 2132 Orto
1747 2071 1848 2156 igitur
1870 2073 1909 2134 de

346 2174 470 2238 AR.11.
484 2174 540 2234 111.
555 2171 655 2252 (Mna.
672 2170 764 2232 Caes.
779 2169 884 2252 alibi.)
1094 2177 1100 2186 '
1147 2173 1266 2235 haraha
1300 2167 1406 2253 patria
1434 2185 1608 2230 nnmerum
1645 2168 1746 2234 duhio
1785 2174 1913 2262 conani·

388 2267 722 2338 Simittaaooorra.1
745 2261 1111 2348 Quadratuorr'neuruoa,
1148 2283 1200 2334 tua
1225 2293 1243 2332 a
1262 2270 1596 2331 Naumannanoatro
1620 2267 1729 2331 Ahhaa
1752 2270 1911 2334 Blandina

330 2362 435 2436 'iutra
467 2375 554 2454 quod
579 2374 687 2452 gaha.
724 2369 857 2440 hii-„lh
879 2371 1025 2451 (Hanter
1046 2369 1110 2435 tab.
1143 2373 1232 2434 eitne
1265 2389 1361 2444 rere,
1396 2367 1484 2450 qnod
1518 2381 1585 2431 tam
1624 2369 1829 2434 confidenter
1857 2373 1914 2434 ad·

346 2473 398 2541 33.
413 2474 461 2554 3.)
1126 2469 1295 2536 ,firmabat
1320 2467 1537 2544 Pelleriniua,
1568 2471 1667 2532 simili
1693 2471 1799 2534 marei
1829 2471 1917 2555 regii

389 2567 648 2645 ΩΡΝΙΚΙΩΝ.
669 2573 1038 2653 (retrogradeJSr'milr'e
1054 2577 1111 2634 ad·
1145 2593 1245 2634 numo
1268 2571 1459 2653 inscriptum
1481 2563 1710 2648 ΛΕΣΒΙΟΝ,
1732 2573 1912 2653 respondit,

345 2698 447 2742 aaran.
462 2669 486 2732 ἶ
501 2677 700 2752 Quadratum
715 2677 867 2738 tecuam.
883 2670 952 2736 AR.
969 2669 1113 2752 11.(Pel·
1146 2672 1247 2748 hane,
1299 2690 1381 2752 qnae
1423 2669 1665 2753 praetenditur,
1709 2672 1910 2756 epigraphen

346 2775 782 2858 lerinSnppt.111.p.107.)
1147 2791 1351 2860 nequaquam
1386 2772 1463 2834 antia
1497 2791 1664 2858 apparere.
1714 2771 1804 2834 Nihil
1841 2787 1912 2836 erat

387 2869 588 2960 Auzjssor.
611 2877 841 2955 (retrograde.)
853 2868 986 2935 Similia
1002 2876 1114 2934 adoer-
1147 2873 1308 2957 amplias,
1350 2871 1439 2954 quod
1471 2870 1704 2935 desiderarem.
1748 2871 1908 2938 Continuo

347 3001 393 3038 ro.
411 2973 435 3034 t
455 2979 651 3052 Quadratum
668 2977 821 3036 iucurum.
839 2971 964 3035 Am
988 2971 1111 3047 (Gelta.
1148 2975 1236 3038 enim
1279 2985 1372 3036 vetur
1405 2970 1530 3036 Goltaii
1573 2971 1755 3036 institutum
1796 2972 1911 3054 patuit,

346 3079 409 3138 lna.
425 3075 504 3136 Tah.
520 3075 621 3146 XIV.)
1144 3075 1202 3161 qni
1230 3093 1304 3138 cum
1333 3071 1367 3132 in
1399 3091 1498 3136 nume
1518 3073 1619 3135 aimili
1641 3085 1694 3133 aut
1716 3070 1839 3134 nullam
1862 3093 1914 3135 re-

389 3179 562 3236 centaurus
583 3177 669 3234 aolua
692 3184 825 3254 utroque
848 3193 944 3232 mauu
965 3183 1110 3247 euterun,
1146 3177 1270 3261 periret
1301 3173 1520 3256 epigraphen,
1542 3172 1772 3248 metridatem,
1798 3174 1911 3237 inseri-

345 3297 370 3335 ε.
390 3275 529 3354 globum,
549 3269 572 3330 Ξ
594 3275 790 3348 Quadratum
816 3275 969 3342 iucuaum.
985 3274 1052 3334 AR.
1068 3275 1109 3335 11.
1145 3289 1236 3361 ptum
1263 3267 1463 3338 ΛΕΣΒΟΤ.
1485 3293 1578 3336 more
1600 3293 1658 3334 ano
1672 3269 1824 3356 adfinxit,
1847 3293 1910 3355 quo

347 3375 489 3451 (Hnnter
509 3370 573 3434 tab.
588 3369 640 3436 33.
657 3378 704 3450 a.)
1144 3373 1267 3436 indicio
1300 3385 1476 3457 occupatur
1494 3373 1668 3434 Pelierinii
1689 3372 1803 3434 aenina
1824 3371 1911 3435 idern

387 3479 526 3555 Satyrus
547 3475 633 3534 noluo
651 3473 736 3548 flexo
759 3491 823 3533 utto
851 3493 943 3552 penu.
974 3469 997 3530 ἴ
1025 3477 1109 3550 Qua·
1144 3475 1207 3537 aihi
1224 3475 1368 3536 innume
1386 3473 1479 3554 regio
1495 3473 1607 3537 videre
1632 3488 1683 3537 eat
1708 3473 1811 3549 viana,
1837 3495 1910 3536 eam

346 3583 473 3640 drotum
487 3577 641 3636 r‘oourum.
666 3567 1109 3652 tlt,111.(ltunrarrab.33.
1146 3587 1251 3636 tamen
1274 3575 1307 3634 in
1332 3573 1395 3636 hoe
1423 3572 1510 3635 forte
1538 3571 1626 3636 aliud
1646 3593 1711 3636 nen
1736 3573 1793 3648 ait,
1813 3593 1909 3657 quam

348 3680 395 3758 a.)
1147 3668 1414 3748 ΩΡΝΙΚΙΩΝ,
1438 3689 1492 3736 aut
1515 3674 1622 3736 aimiie
1645 3672 1733 3758 quid.
1755 3675 1838 3734 Euae
1857 3693 1915 3732 nn-

389 3775 514 3838 Omnea
534 3773 594 3836 hoa
617 3791 731 3832 numos
746 3771 929 3832 anina-erae
950 3767 1111 3848 ejusdem·
1148 3793 1217 3835 moa
1245 3773 1485 3852 Macedonicae,
1512 3771 1682 3838 coufirmat
1705 3775 1800 3836 etiam
1817 3787 1912 3859 typus

348 3894 411 3960 que
432 3873 541 3951 urbia,
563 3873 632 3956 typi
651 3888 683 3934 et
703 3868 1110 3935 fabricaahnndedocent.
1148 3872 1259 3958 galeae
1280 3875 1313 3934 in
1339 3875 1438 3938 citato
1458 3875 1680 3950 Hunteriane,
1711 3875 1767 3957 qui
1798 3873 1913 3938 ahriua

345 3979 461 4060 Neque
482 3994 561 4036 vero
583 3971 761 4034 dubitatum
786 3983 850 4049 eat,
876 3975 929 4031 'ex
965 3991 1030 4054 quo
1054 3994 1112 4032 nu·
1148 3973 1534 4037 eatinmonetaurhinm
1549 3973 1770 4038 Macedoniae.
1811 3977 1915 4037 inter-

346 4099 419 4140 mua
449 4075 642 4140 Goltuianua
668 4093 741 4134 enm
772 4069 881 4132 addito
911 4065 1111 4132 ΛΕΣΒΟΤ.
1149 4092 1185 4136 ea
1215 4075 1279 4137 hoa
1306 4093 1364 4137 eoa
1396 4073 1473 4138 loeo
1502 4091 1679 4136 reeenaere
1702 4075 1816 4150 libuit,
1841 4080 1920 4157 par-'

346 4182 510 4262 apparuit,
534 4193 612 4237 eoa
657 4191 786 4248 omnen,
832 4171 893 4232 otri
935 4173 1110 4255 plerosque
1148 4173 1205 4240 tim
1242 4173 1333 4258 quia,
1370 4175 1433 4238 etei
1461 4173 1692 4238 Macedonicos
1724 4189 1914 4250 atatnamna,

346 4276 601 4362 anepigraphen,
630 4271 739 4333 Leaho
766 4271 969 4337 tribuendos.
1013 4273 1111 4333 Addi·
1146 4285 1254 4334 tamen
1278 4275 1320 4335 de
1343 4275 1426 4338 urhe
1450 4295 1515 4338 non
1538 4289 1684 4351 conaret,
1705 4279 1823 4360 partina
1838 4279 1915 4359 quia

345 4375 394 4438 dit
428 4375 562 4438 Goltaia
588 4371 684 4436 iidem
714 4369 930 4448 Pelieriniua,
962 4385 1109 4449 testatur,
1146 4375 1246 4457 vulgo
1272 4375 1306 4434 in
1326 4375 1427 4438 Leahi
1444 4389 1573 4440 moneta
1589 4377 1702 4461 quaeri
1722 4377 1843 4444 solent.
1865 4379 1921 4438 ln·

345 4475 445 4557 (hc.)
466 4489 594 4537 exstare
619 4493 750 4538 numum
776 4473 914 4535 similem
938 4473 971 4535 in
997 4491 1111 4536 annaeo
1147 4475 1303 4556 teriptum
1327 4475 1550 4539 Pelleriniano
1572 4473 1842 4552 ΩΡΝΙΚΙΩΝ,
1861 4477 1918 4540 vel

325 4575 433 4658 „regia
453 4573 649 4652 Galliarum,
682 4577 715 4637 in
743 4595 807 4658 que
840 4573 974 4639 vetustis
1006 4575 1111 4637 literis
1147 4571 1425 4652 ssOPNlKIssN
1447 4577 1556 4640 lucem
1575 4591 1641 4642 non
1666 4575 1863 4663 ruppeditat.
