4270 5488
337 604 431 678 ιιιλ
864 582 1336 660 THESSALIh

338 755 702 839 Θιιταλιιαιπτιρυεγις.
740 752 826 816 Taso
847 727 961 834 isesias
985 747 1040 816 isa
1063 777 1098 816 ss
1135 755 1270 836 Sys-ise,
1292 752 1351 818 sed
1369 723 1458 840 qu'ed
1475 753 1571 834 sinin
1587 752 1821 846 Thapsslerum
1834 777 1893 820 uu·

219 879 225 892 ·
336 879 495 940 κτεςικγισι
522 855 603 940 ἔχειν
625 878 682 928 τας
705 852 899 932 &essessa
921 849 1099 939 χλαμυδας,
1134 856 1195 918 ιιιίι
1219 869 1272 918 est
1293 853 1498 938 frequentius
1512 853 1618 920 ebvis.
1648 855 1696 918 its
1711 857 1893 941 etelypees

336 954 512 1038 eisnsee'se'ss
527 954 753 1034 ἇιὲκατερῳθη
767 976 887 1039 ιγωιιαι,
912 949 1098 1018 decessionis·
1133 969 1223 1022 eerta
1243 958 1320 1042 lege
1347 957 1382 1016 in
1403 954 1518 1018 orbem
1544 956 1719 1038 dispositos
1738 977 1900 1050 velletne!5

337 1082 384 1122 ses
400 1059 533 1139 πτερυξι.
566 1061 767 1122 Thessalicae
780 1063 864 1122 alae.
886 1061 956 1122 Hae
969 1061 1098 1134 dialem,
1132 1058 1380 1134 Macedonicos,
1402 1057 1548 1140 quamvis
1562 1057 1616 1135 hi,
1638 1071 1674 1120 ut
1695 1058 1729 1132 iu
1742 1057 1894 1122 Macedo·

337 1166 416 1246 quia
442 1163 642 1224 Thessalicae
661 1162 842 1239 chlamydes
866 1164 1015 1242 atriaque
1042 1181 1099 1220 aa·
1134 1159 1187 1220 nia
1210 1158 1471 1235 observavimus,
1500 1158 1599 1222 etism
1619 1158 1653 1228 in
1673 1159 1810 1224 aliarum
1838 1178 1894 1222 ex·
1970 1183 1972 1188 ·

333 1249 428 1341 palas
442 1263 728 1344 emmeramiani,
752 1263 1098 1343 quialissimilessssssl,
1134 1269 1183 1320 trs
1216 1258 1440 1322 Macedoniam
1471 1259 1604 1322 urbium
1631 1260 1738 1324 nemis
1765 1281 1894 1344 eompa-

294 1401 297 1410 ·
335 1361 522 1442 visumque,
554 1360 690 1438 ungules
717 1359 775 1420 hos
797 1359 830 1418 in
853 1359 904 1421 his
926 1359 1098 1432 Thessala·
1133 1373 1244 1434 resset,
1288 1373 1322 1420 et
1351 1359 1541 1442 triquetram
1571 1362 1708 1424 dicimus
1740 1360 1893 1436 Siculam,

336 1483 407 1524 rum
438 1461 544 1521 numia
572 1479 590 1518 a
617 1457 759 1520 Palladis
787 1457 925 1522 humero
956 1457 1100 1543 penden·
1134 1461 1195 1528 etsi
1223 1461 1303 1526 haee
1332 1463 1366 1524 in
1400 1451 1553 1537 s'uessse‚
1591 1461 1724 1537 Veliae,
1761 1463 1838 1546 quin
1860 1475 1895 1530 st

337 1576 386 1626 tes
406 1581 525 1624 revers
546 1580 619 1622 esse
640 1558 741 1634 illud,
778 1559 866 1642 qued
888 1561 1005 1624 Suidss
1026 1564 1099 1622 alas
1135 1561 1249 1645 Selges
1270 1563 1377 1626 numis
1400 1563 1552 1644 senuerit.

327 1666 540 1725 Thessalicas
570 1659 731 1744 appellat,
764 1670 861 1742 atque
890 1660 975 1722 istud
1008 1674 1098 1723 tante
1508 1719 1528 1758 v

336 1761 457 1842 magis,
491 1759 578 1844 quod
605 1759 721 1822 eodem
753 1758 1028 1846 cultuvisequeus
1050 1772 1099 1821 est
1446 1766 1466 1803 '¹
1569 1762 1609 1838 *Ι

231 1899 233 1904 -
335 1861 445 1924 Pallas
475 1860 507 1920 in
539 1859 646 1922 uumis
674 1857 802 1919 urbium
836 1874 869 1921 et
896 1880 1012 1944 regum
1033 1864 1100 1922 Ma·
1177 1853 1397 1920 ΟΜΟΝΟΙΑ.
1443 1861 1544 1938 Capul
1569 1861 1720 1924 muliebre
1747 1865 1833 1925 laus.
1870 1855 1894 1917 ἲ

336 1961 505 2035 cadusiae,
526 1972 562 2021 ut
576 1961 738 2022 Demetrii
755 1963 790 2036 1.,
813 1961 942 2042 Pyrrhi,
966 1961 1100 2046 ejusque
1137 1951 1423 2020 ΘΕΣΣΑΛΩΝ.
1448 1955 1573 2024 ΡΩΜ.
1601 1964 1713 2044 Equus
1732 1965 1814 2024 liber
1827 1982 1895 2025 esse·

311 2055 396 2124 'filii
422 2059 617 2134 Alexandri,
657 2063 712 2145 qui
743 2061 813 2144 ipse
838 2081 969 2146 quoque
994 2068 1100 2126 Maee-
1135 2081 1218 2122 reas.
1240 2060 1310 2124 ΔΕ.
1333 2063 1388 2123 111.
1412 2059 1601 2164 (Pellprin.)
1747 2137 1750 2144 ι
1900 2079 1902 2086 ·

338 2161 466 2224 doniam
491 2163 689 2244 aliquamdiu
723 2161 842 2237 tenuit,
880 2162 1097 2247 aliorumque.
1176 2162 1303 2224 Nexum
1326 2181 1399 2240 eum
1420 2161 1524 2222 Roma
1554 2159 1676 2222 indiest
1702 2181 1819 2225 numus
1840 2163 1895 2228 hie

337 2262 513 2324 Praeterea
549 2260 682 2324 dubium
712 2283 776 2323 nou
809 2261 955 2338 iidemu,
992 2268 1095 2326 Palla·
1135 2273 1169 2322 et
1184 2263 1383 2345 phepeeitam
1401 2260 1566 2324 Thessalis
1589 2279 1662 2324 eum
1685 2277 1783 2344 geute
1804 2264 1894 2328 erbis

337 2363 411 2425 dem
440 2363 523 2422 hane
545 2359 578 2420 in
603 2359 653 2421 his
679 2362 911 2428 Thessalorum
936 2380 969 2427 et
990 2370 1099 2429 Mace
1132 2363 1281 2447 principe
1301 2367 1514 2427 concordiam.
1543 2361 1682 2429 Videtur
1703 2385 1777 2444 pass
1800 2365 1894 2448 hujus

336 2463 456 2527 donum
482 2461 588 2524 numis
611 2481 683 2522 esse
706 2465 882 2540 Ilassidem,
911 2466 1098 2530 siedietam
1133 2464 1224 2524 numi
1266 2464 1371 2526 eutice
1413 2461 1571 2526 adludere
1607 2461 1649 2526 ad
1688 2461 1893 2540 beneficium,

337 2565 376 2628 ab
401 2569 493 2627 ltone
519 2561 710 2626 Thessaliae
741 2562 840 2640 urbe,
870 2566 910 2628 ab
935 2567 1013 2650 ipsis
1032 2570 1098 2632 Ma·
1134 2567 1208 2648 que'
1228 2563 1258 2624 J.
1288 2565 1406 2626 caesar
1433 2577 1510 2644 pest
1538 2563 1706 2628 victoriam
1734 2565 1894 2630 Pharsali·

336 2667 500 2754 aedanum
542 2663 676 2746 regibus
724 2664 843 2726 eximie
885 2665 1098 2746 observatam,
1135 2677 1204 2726 eam
1228 2661 1394 2726 Thessalis
1415 2663 1601 2728 libertatem
1623 2665 1713 2732 desiit
1734 2663 1771 2748 ἱ).

337 2766 426 2853 qued
463 2765 541 2827 elim
579 2757 847 2846 iamprobuvih).
889 2767 1101 2832 Animadver·
1135 2769 1205 2829 Ais.
1231 2767 1442 2831 C.Ali.1ilt.
1483 2772 1517 2794 ”’

336 2883 408 2933 tere
435 2882 544 2929 tamen
575 2864 639 2937 hoe
670 2865 746 2928 loeo
773 2865 884 2948 juvat,
918 2867 1049 2932 isacium
1082 2892 1100 2932 a

268 3045 273 3056 ¹
336 2971 425 3035 eollo
454 2967 493 3028 ad
524 2978 699 3047 utrumque
738 2967 823 3030 latus
859 2967 1098 3052 dependentem
1405 2923 1619 3000 lethes-alerii.

196 3063 215 3082 ‘
338 3089 406 3136 nen
426 3063 553 3130 Palladi
579 3065 697 3141 mode,
727 3065 786 3128 sed
805 3066 876 3130 eliis
892 3091 1021 3154 quoque
1037 3073 1100 3136 diis
1166 3075 1229 3136 *Ab
1258 3077 1405 3160 Auguste
1436 3077 1469 3139 in
1502 3065 1657 3144 familiam
1692 3053 1898 3163 usque'Gal·

233 3217 248 3234 ,
340 3167 517 3238 ὶιιιιιιιιιίι,
539 3163 644 3248 iisque
660 3167 886 3230 vetustissimis
910 3169 1019 3235 tribui.
1051 3173 1101 3235 si·
1135 3174 1216 3238 lieni
1243 3177 1466 3259 porriguntur.
1495 3180 1595 3260 (Mus.
1625 3181 1717 3246 Caes.
1740 3182 1896 3259 Pelleriu,

341 3269 420 3334 mile
440 3265 664 3326 indumeuthm
684 3265 782 3348 jactat
804 3271 973 3352 Neptunus
994 3271 1100 3336 inan·
1137 3257 1293 3360 Theup)¹

341 3365 531 3454 tiquiasimis
554 3363 659 3464 numia
679 3367 894 3446 Posidonius,
916 3373 1000 3438 alter
1020 3375 1100 3440 item
1180 3381 1382 3457 Epipraphss
1409 3379 1443 3440 in
1470 3381 1589 3443 numia.
1605 3381 1666 3444 suh
1688 3387 1835 3468 Auguste
1863 3401 1897 3449 et

342 3473 377 3535 in
401 3467 508 3532 numia
527 3467 690 3528 Demetrii
715 3469 738 3528 l.
762 3469 968 3548 Macedonis,
992 3476 1101 3544 simul·
1139 3477 1274 3539 Tiberio
1291 3477 1500 3560 signatisest:
1524 3476 1896 3554 ΘΕΣΣΑΛΩΝ.ΣΕ-

343 3593 409 3660 que
433 3567 637 3656 obvolutam.
651 3587 692 3629 ee
720 3567 884 3635 sinistram
911 3563 1001 3638 velut
1031 3593 1104 3642 s'eu·
1137 3575 1393 3653 ΒΑΣΤΗΩΝ,
1415 3581 1898 3670 (PelterinRee.111.p.suo.)

342 3687 413 3736 tum
433 3667 562 3752 abjicit,
594 3668 683 3752 quod
702 3671 843 3752 penitius
868 3675 1102 3756 expeudantii,
1138 3699 1257 3770 nempe
1287 3695 1382 3764 eapte
1412 3683 1547 3747 honeris
1577 3683 1737 3749 vocabula
1764 3687 1804 3752 ab
1835 3691 1898 3754 Au·

221 3769 229 3774 ’
346 3774 403 3854 qui
421 3773 455 3834 iu
480 3791 549 3833 rem
571 3771 751 3846 vestiariam
773 3753 907 3836 dearum
925 3775 1104 3868 inquirunt.
1136 3784 1244 3864 gusto.
1285 3783 1402 3845 Fuisse
1424 3787 1598 3849 Thessales
1620 3789 1834 3870 promeritos,
1864 3805 1900 3852 ut

212 3881 219 3892 '
347 3875 502 3966 Ceterum
523 3873 599 3932 dum
622 3871 789 3936 Palladem
803 3874 852 3936 sie
868 3877 985 3938 cultam
1002 3881 1105 3944 Thes-
1136 3882 1203 3943 illie
1243 3882 1410 3966 Augustae
1446 3888 1578 3950 nemine
1608 3889 1742 3972 gloriari
1770 3891 1898 3969 liceret,
2000 3904 2004 3914 '
2128 3875 2129 3906 i

344 3973 477 4038 saliuam
498 3973 647 4058 appelle,
669 3993 870 4058 nequaquem
893 3977 1034 4063 intelligi
1052 4003 1106 4044 ιο»
1139 3995 1230 4045 tauto
1248 3985 1355 4068 magis
1377 3987 1613 4072 miser,·qnod
1634 3989 1815 4072 impetente
1836 3993 1901 4056 Au·

345 4075 399 4148 le,
434 4094 507 4137 eam
535 4073 582 4136 sie
609 4075 641 4134 in
674 4074 752 4138 selis
782 4076 970 4144 Thessaliae
999 4085 1104 4146 numia
1136 4098 1236 4168 gusto
1264 4105 1364 4168 grass
1398 4085 1571 4150 adiverunt
1598 4089 1774 4156 disesimeu
1803 4114 1901 4179 prop·

349 4185 558 4256 eampum,
587 4193 660 4236 nam
678 4188 711 4236 et
727 4175 824 4240 talem
844 4176 1000 4260 ehjieiunt
1017 4185 1105 4247 numi
1138 4200 1248 4262 terea,
1286 4187 1374 4272 qued
1396 4187 1569 4251 Petraeum
1600 4191 1709 4253 vivum
1736 4213 1901 4260 cremave-

330 4281 594 4356 -Syrseusarum
635 4277 896 4354 Atheniensium,
927 4296 959 4342 et
987 4307 1103 4371 regum
1139 4285 1270 4372 rantk).
1293 4291 1663 4356 insolentiosiurmulus
1685 4291 1902 4358 ΔΟΜΙΤΙΑ·

436 4545 468 4618 h)
477 4537 565 4605 Num.
576 4555 634 4604 vet.
645 4565 676 4623 p.
687 4539 757 4612 ioh
841 4551 862 4627 i)
873 4555 948 4616 Piut.
956 4559 985 4615 in
995 4557 1076 4618 Caes.
1084 4578 1109 4622 c.
1117 4565 1161 4624 48.
1247 4545 1357 4635 vk)l’lut
1376 4565 1414 4625 de
1418 4527 1571 4646 praecept.
1579 4567 1655 4644 reip.
1664 4567 1784 4647 gerensi·
1793 4589 1815 4646 p
1834 4577 1899 4638 81⁵·
