4282 5502
331 637 405 710 ⁵22
878 561 1339 692 tottrl.

256 843 261 854 .
329 807 466 858 oenaero
505 783 637 860 lentile,
669 793 828 848 tentantur
858 782 958 852 numi.
998 787 1097 848 Extra
1133 795 1202 846 oter
1229 798 1296 856 ert,
1326 794 1359 845 at
1387 781 1419 842 io
1451 781 1652 866 erealigura
1674 785 1831 868 puellaris
1852 809 1901 849 ae-

332 891 439 956 Atiam
469 885 676 950 concordiam
703 883 809 968 junxit
837 902 910 948 nont
938 885 1098 948 Perintho
1134 881 1234 958 deno,
1264 896 1299 948 ot
1325 883 1357 948 d.
1379 903 1491 944 ornam
1514 897 1650 960 tenens,
1671 903 1713 947 ex
1732 907 1796 971 qna
1818 907 1899 969 aqua

332 989 492 1056 'l'ltraeiae
521 1001 604 1051 terte
635 1005 734 1048 nnmo
765 983 939 1062 Gordiani,
968 987 1098 1067 (Vaill.)
1133 981 1285 1069 profluit,
1322 982 1488 1068 adscripto
1524 985 1721 1060 tttlt'ttAC,
1749 1007 1816 1049 non
1844 989 1901 1052 do-

278 1097 282 1106 ’
331 1107 365 1157 et
388 1088 583 1156 Alexandria
605 1086 767 1169 Aegypti,
797 1101 881 1150 teate
902 1107 1002 1150 nomo
1023 1089 1099 1152 Ant.
1134 1083 1190 1146 bio
1217 1083 1302 1148 adeo
1335 1085 1436 1148 lontio
1474 1085 1631 1164 nomine,
1666 1086 1756 1170 qood
1789 1089 1898 1152 fontes

329 1193 402 1272 Pii,
429 1193 463 1252 in
495 1209 559 1274 qno
577 1191 709 1266 Serapis
728 1197 762 1250 et
781 1191 980 1250 mammea
992 1191 1097 1265 jueta
1132 1187 1327 1272 plerumque
1358 1187 1501 1272 puellari
1528 1185 1636 1249 dorm
1661 1186 1796 1248 inerunt
1824 1208 1900 1270 pro·

330 1297 471 1358 Dianam
490 1293 673 1371 Epicadum.
691 1285 821 1371 (Vaill.)
1132 1288 1249 1372 positi,
1286 1288 1408 1372 qnippe
1446 1286 1564 1372 quibo·
1596 1285 1736 1368 Najadea
1770 1285 1901 1368 praesu*

373 1395 495 1458 Montio
514 1393 615 1454 nitor:
861 1451 867 1461 ,
1132 1407 1202 1452 ere.
1233 1387 1288 1452 ste
1311 1401 1345 1448 et
1366 1387 1464 1450 aliurn
1487 1399 1613 1451 certum
1635 1387 1760 1450 lentem
1782 1388 1902 1450 habue-

371 1499 398 1558 Α
421 1491 540 1557 lloriie.
564 1497 589 1560 l.
608 1493 758 1574 Caystro,
780 1490 836 1575 qni
853 1488 1020 1572 Ephesum
1043 1487 1098 1550 ad·
1132 1509 1170 1552 re
1191 1490 1335 1574 Ephesii,
1358 1491 1414 1572 qni
1436 1493 1618 1570 Hypelaeur
1639 1487 1819 1566 dicebatur,
1843 1487 1899 1550 ob-

330 1596 449 1662 loebat.
479 1593 559 1678 Ejue
587 1592 785 1655 mentionem
807 1589 873 1672 jam
903 1589 1041 1654 vidimna
1061 1588 1095 1650 in
1131 1611 1263 1654 reorum
1286 1610 1360 1652 eom
1384 1591 1533 1674 quidem,
1555 1591 1612 1653 aed
1637 1605 1743 1654 tamen
1766 1587 1899 1673 oppida·

329 1686 515 1763 autonom'o.
537 1693 692 1756 Reoorrit
715 1691 859 1755 etiamin
879 1689 986 1752 nomin
1001 1689 1096 1752 con-
1129 1691 1181 1754 nie
1217 1711 1349 1755 eaerum
1383 1711 1428 1754 ex
1460 1711 1578 1768 cauta,
1618 1712 1715 1776 qnam
1750 1689 1897 1776 prodidit

330 1799 419 1866 modi
450 1811 484 1862 et
511 1791 678 1864 Valeriani
707 1807 785 1876 typo
816 1789 877 1854 riri
899 1788 1095 1854 decumben·
1130 1789 1317 1854 Athenaeo·
1334 1790 1381 1869 ⁴¹).
1416 1777 1503 1860 Vide
1531 1791 1574 1856 de
1596 1789 1755 1854 rimilibnr
1775 1792 1898 1872 ignotis

327 1902 368 1965 tir
392 1917 485 1963 more
508 1893 711 1980 aolit0,qnin
734 1906 768 1955 et
789 1890 999 1975 conjungitur
1019 1909 1094 1952 num
1129 1889 1277 1956 lontibus
1324 1913 1401 1956 mox
1448 1893 1543 1974 ploro
1584 1895 1618 1955 in
1661 1891 1768 1956 nomio
1810 1893 1896 1954 Pho·

327 2005 431 2066 altero
462 1997 564 2064 llnrio
587 1998 630 2064 Π.
659 1995 807 2059 comitio
835 1993 869 2054 in
890 1988 996 2052 numia
1019 1991 1095 2055 Ant.
1131 2013 1241 2062 eneae.

329 2087 1094 2180 Pit,eterne:ttatcrt’oc.ttt·:ttxt²toc.
1173 2100 1242 2162 AB.
1271 2093 1380 2172 dubii,
1404 2108 1439 2159 nt
1457 2096 1583 2162 'dietum
1604 2094 1698 2160 initio
1708 2097 1898 2182 drepente·

327 2209 437 2269 Diona
474 2203 612 2282 Ephesia
646 2201 729 2260 inter
762 2198 842 2258 door
863 2194 981 2271 sturton
1007 2195 1095 2254 lumi
1270 2195 1407 2265 riorum.
1437 2203 1508 2262 Ae,
1532 2202 1563 2262 C.

321 2313 480 2384 jacentes.
524 2299 638 2380 (Vaill.
676 2294 810 2360 uorettt
845 2293 987 2377 Speeim.
1029 2291 1094 2358 tal).

326 2405 386 2498 X.)
409 2399 590 2467 Cenolrine
611 2394 716 2484 prope
731 2393 898 2480 Ephesum
912 2392 1017 2457 fluena
1032 2413 1094 2478 per

1386 2367 1633 2428 ERYTHBAE.

326 2505 524 2588 religionem
559 2517 654 2564 aanor
684 2498 758 2562 fuit.
801 2495 950 2560 Pervenit
982 2494 1093 2560 locum
1170 2503 1209 2563 In
1230 2498 1400 2584 peninsula
1422 2517 1441 2562 e
1463 2499 1600 2583 regione
1621 2497 1729 2566 Chii·

325 2605 516 2691 Ortygiam,
548 2601 619 2666 -nbi
653 2600 778 2663 Letoon
814 2598 962 2680 geminos
998 2595 1092 2658 enixa
1170 2603 1364 2664 Aaronom:

325 2707 495 2770 ferebatur
516 2700 561 2786 b),
603 2705 651 2764 Eo
685 2720 720 2763 ae
760 2721 778 2764 o
807 2714 903 2784 parto
934 2700 1091 2760 Latonam
1171 2705 1272 2780 Caput
1300 2702 1449 2764 Herculio
1480 2704 1616 2766 imberbe
1644 2706 1747 2766 leonio
1766 2707 1895 2766 omooiir

327 2808 468 2871 abluiare
496 2817 606 2869 narrat
637 2799 754 2865 Strabo
778 2799 819 2882 ο).
847 2801 902 2865 lll.
936 2804 1091 2862 Marnas.-
1126 2797 1728 2884 tectumtEPT.addttomaqtetratu:
1747 2799 1894 2864 ΑΠΕΛ·

328 2903 557 2970 Ε(Ι)ΕΟΙΩΝ.
582 2899 783 2966 ΜΑΡΝΑΟ.
814 2905 947 2966 Florius
968 2910 1091 2966 dorm
1125 2895 1238 2962 ΛΑΣ.
1261 2907 1314 2964 eet
1329 2897 1609 2979 dtontttt-tttz,
1632 2895 1821 2979 eteselaoa,
1841 2922 1894 2964 er-

326 3001 419 3082 beaia,
446 3005 642 3087 Domitiani,
673 3003 784 3082 (Veill.
828 3002 957 3085 Theop.
994 2999 1089 3061 Wiae
1124 3023 1183 3066 eor
1213 3007 1383 3084 pharetrae
1403 3005 1555 3080 junctae,
1584 3015 1710 3068 maleo.
1740 3007 1810 3074 All.
1837 3005 1893 3066 lll.

323 3131 355 3191 p.
396 3107 481 3184 noll.)
517 3103 675 3172 Antonini
713 3105 777 3167 Pii.
807 3103 907 3184 (llos.
946 3101 1089 3181 Albani.)
1126 3099 1530 3184 (Mue.Cnee.Pellerin.)

323 3211 454 3269 Mnrnea
484 3227 501 3268 n
530 3205 661 3268 nemine
691 3217 859 3280 veterum,
890 3202 977 3286 quod
1015 3223 1090 3265 oon·
1166 3204 1354 3268 Harduinoe
1385 3223 1458 3265 cnm
1489 3217 1638 3268 noctuam
1668 3209 1769 3290 partia
1788 3224 1895 3268 ¹ever·

323 3321 409 3383 etet,
434 3318 648 3383 memoretur,
666 3305 745 3390 quin
762 3317 796 3368 et
811 3304 1015 3381 Vaillentine,
1034 3303 1090 3386 qut
1125 3323 1179 3370 eae
1201 3305 1370 3392 perdicem
1386 3303 1555 3384 erederet,
1569 3307 1762 3392 legeretqne
1778 3304 1810 3366 in
1827 3305 1895 3366 Pli-

324 3405 579 3471 tamen'numnm
597 3411 667 3492 ipae
685 3405 845 3492 volgarit,
862 3426 903 3469 eo
925 3405 1089 3490 looo,qeo
1124 3407 1197 3484 nio,
1226 3404 1378 3491 perdieeo
1404 3427 1470 3470 non
1500 3409 1703 3472 transvolare
1732 3407 1893 3470 Boeotiae

324 3508 365 3571 de
388 3506 576 3572 llnminibna
599 3503 1088 3592 innomiaexpropoaitongit,
1124 3507 1206 3572 linea
1243 3507 1279 3570 in
1312 3507 1469 3582 Atticam,
1499 3499 1561 3571 hoe
1592 3528 1708 3572 numos
1736 3509 1891 3592 Erythri·

324 3609 396 3694 ejoa
406 3609 604 3674 mentionem
615 3607 966 3693 negligit.·Harduinne
977 3607 1087 3668 lovem
1124 3608 1283 3672 Boeotiae
1311 3609 1446 3688 tribuit,
1468 3627 1608 3695 comque
1628 3622 1798 3696 praetereo
1819 3627 1894 3672 eer-

323 3715 473 3776 Martiam
511 3733 529 3774 a
558 3710 761 3776 Gazeneibua
782 3709 913 3773 'oultnm
950 3705 1089 3770 indicari
1125 3723 1194 3774 turn
1223 3707 1503 3788 eibiyideretur,
1534 3695 1630 3795 cenot
1658 3710 1782 3774 antioae
1815 3729 1890 3774 eane

322 3823 424 3896 potet.
464 3813 509 3878 lt
537 3812 647 3879 verine
667 3811 800 3876 nomine
820 3803 1019 3871 MAPNac
1042 3807 1090 3868 in·
1126 3805 1304 3872 Alexandri
1331 3813 1396 3888 ld„
1434 3811 1615 3894 auspicatus
1646 3824 1720 3889 eat,
1756 3809 1796 3874 ob
1826 3812 1892 3873 hoo

320 3911 538 4000 telligendnm
565 3911 690 3976 iontem
721 3910 796 3974 orbi
817 3908 976 3986 ricinum,
997 3907 1089 3992 igno·
1124 3929 1205 3996 rege
1244 3911 1363 3976 exeiria
1393 3912 1518 3976 Thebis
1550 3911 1714 3978 officinae
1746 3925 1893 3978 moneta·
1929 3943 1932 3946 ·

320 4013 421 4081 bilem
462 4015 613 4104 quidem,
659 4009 718 4075 aed
754 4007 908 4096 Ephesii·
946 4029 1087 4086 oaorem,
1122 4011 1204 4074 riam
1227 4011 1351 4076 'Phebie
1380 4012 1482 4076 loieae
1503 4015 1663 4096 Erythrae
1691 4013 1889 4078 tranelatem.

317 4117 513 4201 comprobat
541 4133 635 4200 typua
665 4111 827 4176 numivex
857 4127 969 4174 mnaeo
991 4111 1086 4174 Alba·
1123 4113 1338 4196 S‘pnnhemine
1369 4128 1403 4177 et
1431 4115 1575 4180 Liebene
1603 4137 1662 4180 eon
1689 4117 1788 4195 Eryci
1810 4115 1890 4180 Siei-

321 4237 364 4279 no
389 4218 494 4294 nitati,
519 4216 574 4302 qni
598 4213 732 4279 exhibet
753 4210 888 4277 ssotinm
917 4207 1084 4274 barbatum
1122 4213 1186 4275 liae
1214 4213 1416 4292 tribuerent,
1446 4216 1535 4300 quod
1562 4215 1681 4280 dietum
1713 4217 1799 4283 erint
1833 4237 1890 4280 oo·

320 4317 411 4380 humi
441 4317 627 4394 medentem,
656 4316 713 4402 qni
741 4313 828 4379 hand
857 4311 972 4377 dobiae
1007 4305 1104 4395 Cay-⁴
1122 4313 1264 4378 lambam
1287 4317 1472 4394 credidere,
1495 4331 1528 4380 et
1549 4333 1776 4382 constaret-er
1790 4321 1891 4383 Athe·

318 4503 1894 4542 —ff——ffl———n—-u-t—-p———n——n

431 4627 462 4701 b)
482 4629 574 4690 Tacit.
595 4632 672 4688 nnn.
695 4625 727 4690 t.
745 4627 796 4688 ΙΙΙ.
816 4647 839 4688 c.
857 4633 905 4692 dl·
959 4627 988 4694 ‘l
1004 4629 1035 4686 L.
1055 4629 1132 4693 XIV.
1151 4649 1184 4708 p.
1205 4647 1241 4688 tn.
1258 4636 1322 4696 ett-
1375 4631 1406 4706 d)
1422 4633 1459 4691 L.
1476 4631 1556 4696 VIII.
1576 4654 1609 4710 p.
1628 4637 1693 4697 361.
