4270 5488
671 562 885 666 anons
938 563 1361 684 nacunomsu.
1761 578 1808 655 os

240 758 320 804 sans
344 735 514 811 rideatur,
534 753 600 798 non
625 737 723 800 etiam
748 737 788 799 sb
812 725 929 802 eodem
958 757 1010 800 re·
1045 734 1289 822 producentur,
1312 751 1395 819 quse
1418 727 1610 794 sententiam
1632 731 1716 796 hanc
1731 731 1813 794 ‘illu-

240 851 369 906 tcntum
412 837 553 902 alterum
600 847 711 918 typum
754 836 914 921 bigarum.
967 839 1009 901 At
1047 850 1168 912 strant,
1212 833 1271 898 sed
1308 853 1392 922 quae
1429 833 1484 896 bic
1512 832 1681 898 brevitatis
1717 852 1813 894 causa

240 944 366 1007 lectum
395 937 499 1004 semel
529 934 569 997 sb
595 937 782 1000 Alexandro
804 941 912 1001 thema
937 959 1012 1022 per·
1045 951 1231 1021 praetereo.
1460 1009 1462 1014 ,

241 1061 414 1108 ,aversare
452 1035 512 1098 sub
539 1037 682 1100 Aridaeo
712 1038 808 1122 plane
838 1041 1010 1117 credibile,
1089 1043 1235 1122 Apparet
1258 1057 1299 1100 ex
1319 1035 1390 1112 his,
1414 1054 1498 1122 quse
1529 1035 1615 1111 dixi,
1645 1035 1679 1096 in
1706 1035 1815 1098 numia

242 1145 299 1208 cui
325 1158 433 1226 neque
458 1139 622 1202 innovare
633 1139 733 1204 multa
754 1141 937 1222 persnimi
955 1140 1014 1202 im·
1049 1141 1194 1224 Philippi
1224 1143 1264 1202 ll.
1295 1139 1393 1201 certia
1424 1138 1531 1200 omitti
1560 1149 1747 1216 constanter
1776 1135 1816 1196 ti-

243 1243 458 1308 bacillitatem
472 1238 585 1314 libuit,
609 1259 714 1324 neque
736 1262 860 1326 perque
877 1262 1014 1324 praepo·
1050 1243 1156 1304 tulum
1183 1232 1464 1314 ΒΑΣΙΛΕΩΣ,
1493 1241 1526 1301 ἰιι
1564 1238 1695 1314 nuruis,
1733 1255 1815 1322 quos
1920 1227 1926 1237 ’

243 1355 353 1408 tentes
373 1340 474 1403 daces
496 1341 600 1406 licuit.
629 1341 751 1404 Eodem
778 1342 877 1404 modo
903 1343 1012 1403 verisi-
1052 1363 1124 1404 esse
1142 1341 1274 1404 Aridaei
1295 1339 1379 1417 dixi,
1402 1339 1539 1422 perinde
1564 1360 1600 1403 sc
1626 1339 1660 1401 in
1678 1338 1817 1401 Alexan·

246 1444 325 1508 mile
358 1444 483 1517 ctiam,
518 1443 559 1506 ab
589 1441 707 1505 eodem
729 1443 930 1510 Alexandro
974 1463 1014 1506 ex
1051 1443 1102 1516 ‹lri
1127 1435 1234 1504 nunr'is
1259 1439 1439 1524 jam-addi,
1464 1439 1660 1525 jsmornitti.
1684 1441 1817 1522 Exque
1941 1519 1945 1526 Ι

247 1559 379 1610 moneta
401 1557 556 1628 argentes
576 1544 717 1627 ejectum
742 1545 873 1605 solitum
890 1542 1016 1626 Philip·
1051 1556 1159 1626 patet,
1181 1543 1324 1606 nondum
1348 1557 1440 1607 certo
1458 1557 1619 1618 constare,
1642 1543 1725 1605 sitne
1738 1541 1820 1604 Phi·

248 1647 285 1732 pi
315 1647 356 1708 ll.
399 1645 562 1726 equitem,
583 1637 667 1708 lruio
696 1645 868 1708 suffectam
897 1646 1015 1710 lovem
1052 1643 1159 1728 lippus
1182 1647 1221 1712 11.
1250 1645 1284 1706 in
1306 1645 1585 1729 monetapublica
1608 1644 1817 1726 regiotitulo

247 1745 484 1831 netophorum‚
514 1759 548 1808 et
579 1744 692 1810 eadem
725 1747 818 1830 lege,
840 1761 877 1808 ut
898 1748 940 1809 dc
962 1769 1015 1810 au·
1053 1765 1151 1819 usus,
1183 1746 1266 1821 etsi,
1295 1761 1329 1808 ut
1352 1767 1449 1828 supra
1471 1744 1601 1818 monui,
1631 1765 1690 1807 rex
1712 1745 1818 1828 palam

247 1869 308 1911 rea
342 1858 473 1907 moneta
504 1845 662 1924 diximus,
685 1847 725 1910 sb
747 1833 888 1912 Aridaeo
909 1862 1019 1912 reten·
1054 1844 1161 1908 dictus
1183 1859 1243 1913 est.
1267 1847 1348 1931 Ejus
1371 1848 1405 1908 in
1426 1845 1533 1908 nurnis
1556 1844 1750 1908 dissimulati
1771 1866 1821 1908 ra·
1943 1847 1947 1854 ’

229 1949 385 2021 Διιιιιι.ΙΙ.
411 1949 545 2010 Constat
569 1947 611 2010 de
632 1947 751 2012 eximio
776 1947 953 2012 Alexandri
984 1949 1018 2010 in
1055 1951 1100 2013 tio
1126 1947 1285 2025 obscura,
1308 1961 1416 2012 tamen
1437 1971 1504 2013 non
1528 1951 1608 2012 citra
1623 1948 1820 2032 exemplum.

247 2051 418 2128 Palladem
443 2044 599 2124 adiectu,
629 2059 663 2110 ut
688 2049 721 2110 in
744 2050 814 2137 ej'us
840 2051 947 2113 numia
972 2049 1019 2112 di·
1054 2051 1158 2112 Hiero
1184 2052 1223 2110 ll.
1247 2071 1306 2114 rex
1332 2051 1431 2113 asuis
1452 2052 1557 2136 palam
1580 2049 1708 2132 agnitus
1732 2048 1822 2132 regis

248 2163 364 2231 eetnr3
386 2168 427 2211 ex
453 2169 518 2232 quo
535 2149 732 2225 verisimile,
758 2150 900 2213 Palladis
923 2167 1019 2235 caput
1054 2167 1162 2220 tamon
1189 2153 1321 2216 nomine
1342 2155 1376 2215 in
1400 2165 1530 2215 moneta
1555 2174 1611 2213 sus
1636 2163 1823 2214 constanter

246 2253 293 2315 ab
314 2246 409 2324 boc,
440 2272 505 2314 non
535 2266 627 2334 patre
659 2253 791 2316 lectum.
823 2255 879 2317 lll.
923 2253 1019 2330 Citati
1055 2254 1221 2318 abstinuit.
1242 2253 1824 2336 AgathoclesSiculuaregitnomen

250 2350 400 2434 Philippi
429 2353 520 2414 numi
544 2375 618 2416 curn
642 2354 725 2418 Jove
749 2355 931 2437 aetophoro
954 2377 1020 2418 non
1056 2372 1169 2438 aperte
1191 2359 1225 2420 in
1249 2355 1357 2416 nurnis
1381 2354 1550 2439 professus
1571 2369 1640 2432 eat,
1662 2367 1694 2416 at
1716 2353 1825 2418 diade·

250 2449 354 2516 modo
389 2465 490 2534 typo,
528 2454 587 2516 sed
618 2468 657 2544 et
679 2457 786 2518 nitore
816 2456 959 2521 fabricae
988 2470 1022 2520 et
1057 2457 1272 2541 mate,¹quod
1292 2457 1382 2540 regis
1406 2470 1456 2519 est
1478 2456 1626 2538 insigne,
1654 2455 1703 2517 uti
1728 2476 1825 2519 ausus

249 2553 402 2640 pondere
433 2573 505 2617 cum
535 2556 639 2622 obviis
667 2557 898 2622 Alexandrinis
929 2579 1022 2644 pror·
1056 2558 1217 2622 nonfuit.
1240 2559 1361 2620 Contra
1384 2559 1418 2620 in
1446 2559 1667 2621 Macedoniae,
1691 2555 1826 2640 regibus

252 2675 311 2718 sus
338 2657 541 2739 conspirant,
573 2657 660 2722 unde
688 2661 858 2722 manifeste
882 2680 1020 2744 arguere
1058 2679 1163 2745 usque
1193 2659 1234 2721 ad
1265 2659 1486 2721 Alexandrum
1516 2663 1561 2724 M.
1591 2659 1695 2743 major
1723 2659 1757 2719 in
1780 2655 1827 2722 ci·

251 2755 360 2832 licet,
403 2773 554 2821 monetae
581 2761 714 2824 modum
743 2761 803 2822 sub
835 2763 1022 2824 Alexandro
1058 2759 1197 2823 ferendo
1236 2759 1325 2841 regis
1356 2759 1488 2824 nomine
1517 2760 1714 2824 reuerentia.
1746 2755 1828 2838 Ejus

252 2858 444 2952 inchoatum
466 2859 500 2917 in
522 2856 625 2924 fratre
648 2860 793 2927 durasse.
815 2865 858 2925 At
880 2857 1024 2948 qnoasu·
1060 2863 1144 2924 ratio
1175 2875 1210 2923 ιιι
1237 2861 1332 2924 nobis
1362 2855 1499 2942 ignote,
1534 2864 1577 2924 ita
1612 2859 1700 2923 baud
1728 2857 1827 2920 dubie
1878 2933 1882 2942 ι

253 2979 315 3046 prs
352 2959 450 3024 citavi
486 2976 595 3023 certos
629 2961 775 3046 Philippi
812 2967 854 3028 11.
898 2984 1024 3039 numos,
1062 2984 1103 3024 ex
1128 2963 1215 3026 varis
1238 2963 1459 3044 subjectorum
1483 2961 1681 3046 populorum
1705 2958 1831 3042 opinio·

254 3061 485 3146 praesentibus
505 3075 539 3122 et
555 3063 664 3146 operis
677 3065 884 3144 perfectione
899 3079 932 3128 et
948 3085 1027 3146 pun·
1062 3083 1125 3138 ne,
1155 3076 1189 3123 et
1212 3061 1252 3124 ab
1283 3065 1334 3125 his
1357 3077 1446 3125 metu
1475 3061 1667 3145 repetenda.
1696 3061 1725 3121 Α
1750 3077 1830 3122 vero

255 3161 340 3225 dere
376 3163 514 3224 multum
545 3177 620 3238 sunt
644 3165 833 3236 inferiores.
859 3169 912 3238 [V.
945 3166 1028 3226 Con·
1063 3184 1130 3226 nou
1164 3163 1345 3240 abhorret,
1376 3163 1478 3225 fuisse
1505 3163 1702 3248 Philippum·
1724 3160 1757 3222 in
1786 3160 1832 3244 ja·

256 3278 336 3340 stat,
368 3262 597 3344 Seleucuml.
629 3248 764 3349 Syriae,
796 3263 1028 3348 Lysimachum
1065 3264 1184 3328 ctundo
1227 3264 1431 3350 frequentius
1470 3263 1708 3349 superbiusque
1743 3263 1833 3346 regis

257 3366 440 3442 Thraciae,
461 3365 667 3430 Demetrium
692 3367 921 3443 Macedoniae,
948 3369 1029 3428 Are·
1066 3366 1161 3428 titulo
1188 3357 1525 3452 circumspectiorem}
1548 3365 1634 3450 quod
1656 3364 1834 3427 conciliare

222 3499 229 3506 a
259 3485 312 3528 um
331 3466 469 3551 Spartae
485 3477 592 3550 'reges
614 3484 677 3534 etc.
710 3469 888 3532 Alexandri
906 3473 951 3532 M.
972 3491 1030 3529 nu·
1066 3467 1129 3528 sibi
1162 3468 1307 3532 Graecos
1340 3469 1417 3531 huic
1447 3466 1571 3528 nomini
1600 3465 1749 3528 inimicos
1778 3480 1835 3528 vo-

259 3585 330 3630 mes
359 3589 479 3632 aureos
513 3585 547 3632 et
576 3583 749 3654 argenteos
776 3571 928 3652 proxime
956 3590 1029 3632 esse
1068 3557 1177 3644 lebat,
1215 3569 1284 3632 sive
1319 3583 1355 3633 ut
1389 3569 1452 3630 hos
1489 3587 1617 3651 quoque
1641 3565 1838 3630 incautiores

258 3667 402 3729 imitatos
429 3669 587 3749 signando
616 3671 649 3730 in
679 3671 730 3732 bis
760 3685 856 3755 caput
886 3671 1030 3734 Palladis
1068 3670 1289 3754 opprimeret,
1314 3669 1382 3732 sire
1398 3681 1434 3732 ut
1451 3667 1512 3730 sibi
1528 3667 1653 3727 bellum
1669 3667 1701 3726 in
1718 3671 1836 3727 Persas

260 3783 293 3834 ct
324 3769 532 3845 Victoriam,
567 3763 636 3835 turn
675 3783 770 3853 caput
806 3771 966 3834 Herculis,
997 3785 1031 3832 ct
1069 3769 1238 3832 meditanti
1274 3771 1456 3854 promptius
1493 3768 1664 3832 servirent.
1708 3769 1750 3829 At
1787 3787 1838 3829 cu·

258 3870 625 3952 Jorcm‚aetopborum
655 3870 770 3934 addito¹
796 3893 855 3934 suo
885 3874 1030 3955 ipsorum
1068 3885 1158 3954 ptum
1194 3873 1297 3936 semel
1327 3871 1367 3932 ab
1398 3868 1585 3932 Alexandro
1610 3869 1737 3930 titulum
1769 3867 1855 3928 Ari--

259 3971 404 4032 nomine.
447 3973 571 4058 Eodem
609 3991 690 4053 crgo
723 3971 820 4032 modo
853 3974 1031 4038 verisimile
1068 3971 1184 4045 dacus,
1215 3972 1270 4055 qui
1292 3973 1330 4034 iu¹
1350 3971 1458 4034 fratris
1482 3971 1553 4052 jura
1575 3969 1683 4031 omnis
1710 3979 1839 4031 succes·

259 4085 501 4156 quaquaest,
532 4073 710 4138 Aridueum
740 4085 1031 4138 monetsm'suam
1069 4073 1244 4148 sit,·nulls
1267 4071 1387 4133 invidia
1414 4070 1563 4147 retinuit,
1594 4072 1677 4153 etsi,'
1698 4084 1733 4132 ut
1756 4071 1832 4132 ‹lixi-

257 4173 302 4236 sd
331 4173 501 4256 exemplar
530 4185 681 4238 monetae
712 4173 877 4238 fraternae
908 4175 1030 4238 cudere
1069 4196 1150 4249 mus,
1172 4174 1282 4234 fratris
1300 4173 1458 4258 exemplo
1480 4191 1544 4234 non
1568 4171 1756 4255 semperin
1781 4193 1840 4232 nu·

259 4271 525 4354 perrexisse.·V.
548 4275 678 4357 insigne
702 4289 949 4358 argumentum,
973 4276 1032 4336 hos
1072 4275 1132 4357 mis
1149 4273 1282 4348 addidit.

258 4393 378 4437 numos
406 4374 448 4436 ad
478 4375 655 4464 Aridacurn
685 4376 878 4458 pertinere,
915 4397 1035 4459 propo·
1087 4417 1089 4422 -
1115 4375 1301 4437 Secundum
1324 4375 1381 4436 has
1404 4373 1631 4458 conjecturas,
1660 4369 1839 4462 dequibus

260 4495 337 4536 nam
368 4473 616 4558 insr'ainejus
650 4493 779 4540 moneta
809 4497 849 4539 ex
887 4497 987 4537 numo
1019 4500 1036 4537 a
1074 4476 1211 4552 cruditi,
1241 4489 1276 4534 ut
1298 4473 1406 4549 lubet,
1437 4475 1640 4556 judicabunt,
1673 4473 1754 4533 alios
1778 4474 1840 4534 ltoc
1961 4544 1965 4552 Ι

258 4574 370 4656 Lyciis
402 4575 535 4658 signato
551 4599 655 4662 ,quo
685 4579 760 4644 loco
789 4593 822 4644 et
851 4579 945 4664 plura
975 4577 1037 4658 alia
1074 4578 1150 4640 loco
1173 4597 1289 4640 numos
1311 4577 1463 4662 Philippo
1485 4579 1525 4640 Π.
1555 4597 1621 4640 non
1643 4573 1751 4648 dabo,
1779 4573 1840 4637 nisi

390 4689 402 4726 ,
1336 4697 1343 4708 .
