4282 5502
261 590 265 598 ,
336 529 417 600 ‘rus
728 457 981 583 sucus
1032 509 1505 630 utrorntsu.
1587 617 1598 638 „
1707 573 1711 580 .

340 687 439 768 vendo
462 682 593 742 celerent
619 688 652 739 ct
674 679 851 756 efficacem,
880 700 943 762 quo
975 679 1108 766 ingenio
1142 681 1277 746 Prusian
1300 701 1429 766 quoque
1454 683 1633 764 placuisse,
1657 697 1691 750 et
1707 690 1909 752 scu'iiercit·

341 783 408 846 init
421 779 551 846 Prusias
568 779 602 852 1.,
621 777 764 840 omnium
781 799 861 842 vcro
880 780 1011 842 minime
1028 783 1109 842 Pru·
1143 780 1246 856 rium,
1267 801 1326 844 seu
1342 785 1500 845 Perseum
1525 783 1559 844 in
1573 785 1751 868 majoribus
1768 789 1834 850 tuis
1852 811 1911 852 nu·

341 885 404 946 sius
417 885 457 946 ii.
470 883 511 957 t).
529 876 737 938 Froeiichius
755 893 851 961 cuput
868 880 1034 942 barbatum
1052 881 1109 942 tri·
1143 899 1298 945 merasce.
1335 883 1371 940 lu
1403 897 1576 968 utrumque
1602 887 1699 949 deum
1722 889 1909 969 speciosum

341 985 410 1045 buit
441 979 576 1043 Prusinc
598 981 639 1042 ii,
671 979 740 1056 Vns
760 978 927 1055 itltrnto,
949 980 1107 1064 quodhic
1143 983 1305 1064 quoddam
1321 980 1372 1062 jus
1388 981 1499 1044 habuit
1519 987 1660 1049 Procius.
1689 985 1832 1064 Constat,
1850 993 1912 1051 Ar-

341 1104 399 1148 rcx
426 1083 465 1144 ab
484 1080 631 1162 Appiano
653 1076 795 1138 deformi
817 1077 916 1142 fuisse
941 1081 1050 1151 vultu,
1073 1094 1107 1142 ct
1143 1080 1239 1144 cades
1270 1069 1491 1148 Montiuenses
1523 1087 1713 1167 Bithynium
1735 1089 1910 1168 Bithyniae

341 1185 446 1247 dictus
479 1187 617 1243 Venator
640 1177 898 1278 perhibeturf).
944 1183 987 1241 At
1017 1179 1107 1240 numi
1143 1180 1298 1265 oppidum
1329 1182 1504 1246 deduxisse
1537 1187 1710 1254 colonium.
1752 1187 1798 1248 Hi
1827 1208 1909 1272 ergo

232 1323 236 1328 ·
341 1307 416 1348 eum
431 1280 614 1345 deformem
631 1297 695 1340 nou
712 1279 847 1353 sistunt,
870 1279 930 1341 scd
948 1279 1031 1341 facis
1051 1300 1107 1362 po·
1142 1283 1370 1364 Bithynienses
1392 1283 1608 1349 domofucre
1635 1287 1795 1362 Arcades,
1824 1286 1910 1370 apud

341 1389 404 1448 tius
434 1379 581 1450 liberali,
611 1399 673 1438 uns
706 1397 787 1442 vcro
810 1379 909 1442 barba
934 1379 1107 1460 turpitudi·
1142 1403 1225 1466 quos
1247 1397 1338 1444 natus
1363 1385 1568 1460 Mercurius,
1591 1399 1624 1446 ct
1642 1387 1731 1470 quod
1749 1388 1910 1470 nequitur,

341 1489 392 1549 nis
409 1481 563 1546 indicium
581 1497 646 1538 non
660 1475 750 1542 fucit.
772 1481 930 1562 Begesse,
946 1479 1003 1541 sed
1016 1497 1108 1561 aper·
1143 1481 1214 1564 ejus
1242 1483 1336 1544 sucre
1366 1485 1419 1545 dei
1448 1484 1626 1567 abnepotes
1660 1486 1778 1548 eodem
1801 1486 1912 1560 modo,

299 1626 302 1637 .
342 1603 376 1656 ιο
391 1587 419 1646 is
432 1595 578 1668 peccato,
593 1575 762 1660 utriusque
780 1579 1107 1642 classisuumosPru·
1142 1603 1208 1665 quo
1247 1587 1286 1648 Τ.
1320 1585 1476 1646 Statilius'
1497 1585 1530 1644 in
1560 1605 1722 1648 marmore
1752 1586 1912 1649 Hadriani

342 1681 668 1765 siseli.lnrgitur·).
693 1679 1108 1772 Quaeremcutinsitprac-
1143 1695 1247 1744 aetatu
1284 1687 1407 1764 posito,
1445 1683 1534 1770 quod
1566 1687 1702 1748 recitavi
1740 1689 1775 1748 in
1804 1689 1912 1748 numis

342 1785 508 1859 stabilior,
532 1781 774 1866 inquirendum.
1141 1780 1288 1863 Philippi
1318 1785 1360 1850 V.
1387 1785 1593 1860 Macedonis,
1627 1805 1662 1847 se
1691 1785 1772 1849 dixit
1793 1788 1909 1850 Persei

384 1886 463 1962 Ala,
495 1903 577 1966 quae
606 1882 640 1942 iu
671 1882 782 1944 classis
810 1883 850 1946 11.
871 1883 978 1945 numis
999 1879 1109 1944 diade·
1144 1895 1178 1943 et
1199 1883 1436 1947 Dioscurorum
1458 1886 1782 1969 abnepotem„quod
1806 1888 1842 1948 hi
1865 1887 1910 1950 dii

343 1975 421 2046 muti
441 1982 667 2065 conjungitur,
695 1982 730 2042 in
759 1981 822 2044 hoc
850 1985 998 2045 examine
1021 2003 1110 2046 cum·
1144 1984 1269 2066 Argivi,
1282 1999 1315 2046 ct
1334 1985 1405 2069 ipsc
1422 2007 1551 2072 quoque
1567 1987 1707 2068 Argivus
1725 2001 1824 2053 essct.
1846 1989 1912 2051 Hs·

341 2085 456 2169 primis
472 2083 684 2148 observande,
705 2084 855 2166 Begerus
869 2103 907 2145 eu
928 2075 1041 2144 censet
1061 2083 1108 2144 in·
1143 2083 1214 2146 buit
1243 2085 1344 2168 igitur
1373 2089 1505 2150 Prusias
1535 2086 1634 2147 homo
1655 2085 1815 2166 Bithynus
1837 2108 1910 2150 cuu-

245 2245 251 2250 .
321 2185 444 2246 dicari
481 2183 753 2261 magnitudinem,
791 2183 843 2244 vel
882 2184 1019 2264 glorium
1055 2203 1107 2244 rc·
1144 2206 1213 2246 snm
1235 2185 1416 2264 honestum,
1439 2187 1527 2268 (nam
1549 2203 1749 2268 quue'cuusu
1771 2186 1908 2251 honeste

342 2282 484 2372 gismb).
508 2284 843 2366 Spsnhemiisensum
868 2285 1106 2364 moxexposui,
1143 2305 1208 2345 non
1246 2286 1396 2348 videatur
1423 2290 1638 2371 'arrogantiae
1673 2299 1706 2348 et
1740 2287 1908 2369 tunicatii)

342 2409 415 2450 oum
439 2407 504 2472 quo
527 2397 560 2450 et
581 2375 743 2448 consentit
763 2383 971 2448 Froelichiut
987 2389 1023 2464 Β).
1046 2383 1107 2445 His
1144 2405 1246 2470 genus
1263 2407 1354 2446 suum
1372 2409 1388 2448 n
1406 2391 1573 2454 Mercurio
1585 2387 1736 2449 ducendi.
1754 2389 1908 2450 tumulto

339 2509 422 2572 crgo
460 2487 539 2550 ciris
563 2479 711 2545 'eruditis
748 2483 927 2567 explicatus
956 2485 1108 2568 allegori·
1143 2487 1265 2548 certius
1279 2487 1413 2550 Prusisc
1429 2492 1468 2553 11.
1491 2489 1524 2550 iu
1544 2493 1702 2550 Perseum
1725 2487 1788 2569 jus.
1810 2489 1909 2550 Natos

340 2616 398 2658 cus
426 2591 557 2677 piscoit.
606 2587 729 2656 Verum
759 2601 834 2667 ego¹
855 2586 949 2648 ulium
973 2588 1106 2650 subesse
1143 2587 1171 2650 is
1185 2601 1234 2649 est
1248 2607 1289 2648 cx
1305 2589 1420 2650 Prusia
1435 2592 1481 2664 1.‚
1503 2602 1599 2670 atquc
1616 2585 1700 2648 houd
1719 2586 1909 2672 dubieAps·

341 2693 495 2758 adscititii
525 2681 619 2773 hujus
653 2688 760 2750 cuitus
790 2707 916 2749 cnosson
947 2689 1106 2771 suspicor.
1144 2711 1196 2753 mc
1217 2689 1361 2772 Philippi
1387 2691 1425 2756 V.
1447 2688 1635 2752 Macedonis
1658 2707 1791 2762 sorore,
1813 2709 1907 2769 quum

303 2785 320 2800 ⁸
342 2797 492 2860 Diximus
521 2791 555 2852 in
584 2790 690 2851 nuntie
721 2773 897 2852 Alexsndri
926 2791 991 2858 M„
1019 2789 1106 2852 huno
1143 2789 1273 2852 Prusias
1299 2791 1323 2851 Ι.
1353 2807 1488 2848 uxorem
1511 2787 1612 2854 duxit.
1634 2789 1775 2872 Copiose
1796 2788 1830 2849 in
1852 2811 1917 2851 nne

341 2915 455 2979 rogem
487 2891 655 2952 Ammonis
687 2910 791 2952 cornu
816 2887 877 2950 sihi
899 2889 1105 2972 adpiicuissm
1143 2891 1203 2952 mis
1226 2890 1320 2973 hujus
1346 2888 1490 2971 Philippi
1507 2888 1745 2974 comprobari,
1768 2909 1841 2951 cum
1867 2889 1905 2952 sb

341 2997 416 3078 quis
451 2991 620 3054 Ammonis
646 2981 732 3050 iilius
758 2989 850 3053 credi
873 2979 994 3070 vo'luit3
1026 2989 1107 3051 dixi·
1143 2991 1244 3052 heroe
1275 2992 1398 3050 Perseo
1429 2989 1572 3050 sciuisse
1594 2989 1768 3050 oriundum
1793 2989 1906 3063 videri,

338 3117 413 3160 mus
437 3095 471 3154 in
496 3091 602 3178 nuruis
620 3089 809 3178 Lysimachi
825 3077 985 3154 Thraciae
1008 3089 1107 3172 regis,
1143 3113 1203 3173 qun
1233 3090 1274 3152 dc
1305 3109 1401 3152 causo
1432 3089 1530 3150 toties
1560 3090 1593 3150 in
1615 3089 1685 3172 ejus
1707 3077 1836 3151 moneta
1859 3109 1907 3151 ou·

342 3194 559 3257 etDcmetrii
580 3193 605 3256 t.
633 3189 846 3255 Macedoniae
874 3191 982 3272 regis,
1012 3191 1114 3252 iilum*
1143 3205 1198 3276 put
1220 3187 1335 3253 Persei
1363 3188 1481 3252 uictum
1504 3192 1660 3266 recurrit,
1684 3187 1787 3250 indito
1809 3189 1906 3250 etism

343 3295 471 3370 arietis,
502 3297 588 3356 huno
619 3269 843 3366 tauricorum
866 3291 1107 3354 Bacchiccrtis
1142 3303 1317 3376 propterca
1340 3288 1409 3352 filio
1430 3289 1621 3354 suosbhoc
1640 3291 1742 3352 heroe
1763 3289 1904 3350 nominc.
1986 3279 1993 3308 ‘

340 3395 538 3482 insignibus,
556 3383 683 3464 usum,
712 3392 785 3476 quin
809 3393 866 3452 iile
888 3411 991 3476 genus
1013 3393 1105 3454 suum
1143 3394 1192 3452 Ex
1211 3409 1275 3472 quo
1292 3390 1456 3472 sequitur,
1478 3391 1789 3452 PerseumPrusisc
1811 3389 1905 3450 lt-in

343 3495 720 3570 sBuccitoderiruvit,
755 3493 809 3555 hic
831 3493 993 3555 Bscchum
1021 3493 1109 3556 omni
1145 3491 1322 3571 majoribus
1352 3489 1505 3553 maternis
1530 3491 1654 3564 ³fuisse,
1685 3505 1781 3572 atquc
1818 3489 1912 3550 iliius

344 3597 549 3676 observantia
577 3595 688 3661 coluit.
732 3594 791 3652 His
822 3613 903 3676 crgo
925 3595 1108 3677 praeeunti·
1145 3595 1268 3657 cultum
1292 3589 1364 3673 jure
1387 3591 1426 3650 ub
1448 3591 1511 3654 hoc
1536 3587 1905 3662 advocatumsccsdit,

341 3700 401 3762 bus
428 3696 588 3780 exemplis
615 3707 735 3757 tontum
764 3693 872 3766 nbcst,
900 3709 935 3756 ut
969 3693 1008 3754 sd
1031 3697 1108 3757 olle·
1143 3695 1278 3758 Prusiuc
1295 3693 1333 3754 il.
1359 3691 1807 3774 tcstcAppinnocoiiocstsm
1829 3689 1907 3751 iuis·

341 3801 466 3883 goriam
491 3796 723 3866 advortendum
748 3795 888 3854 animum
907 3801 1046 3876 putem,
1075 3811 1109 3858 ut
1145 3815 1179 3856 se
1201 3794 1302 3876 ipsum
1324 3793 1440 3852 Persei
1466 3791 1657 3856 Macedonis
1682 3811 1849 3864 sororem,
1873 3801 1906 3850 ct

339 3903 436 3986 plene
464 3901 666 3970 existimem,
697 3893 811 3956 similis
834 3895 922 3956 modi
952 3895 1107 3958 insanium
1145 3896 1285 3958 diximus
1308 3892 1349 3970 *).
1381 3892 1549 3954 Posterior
1570 3893 1651 3955 haec
1673 3891 1814 3956 adscitae
1836 3891 1904 3952 uiae

452 4153 482 4230 t)
510 4153 597 4220 Tum,
609 4159 631 4216 1.
653 4179 684 4236 p.
706 4165 768 4218 513.
820 4154 1239 4232 =)Not.stem.p.193.19lt.
1293 4155 1322 4224 ·)
1344 4151 1714 4228 Ttnes,-131·.„T.1.p.2ct.
1767 4149 1798 4222 b)
1816 4151 1902 4208 Thes.

341 4251 385 4305 ΒΓ.
401 4249 434 4304 Τ.
451 4249 516 4322 tp.
533 4260 599 4311 270.
651 4249 680 4318 ο)
700 4245 769 4304 Not.
787 4244 872 4304 elem.
889 4261 921 4319 p·
938 4247 999 4306 tti-

455 4338 485 4406 ⁴¹)
505 4337 578 4392 Mira
594 4335 677 4412 npud
691 4336 849 4410 scriptor-cs
864 4347 977 4392 veteres
993 4332 1126 4390 contusio
1143 4331 1171 4389 iu
1188 4327 1899 4408 definiendisutriusquePrusireuxoribus,cttjtrs

341 4427 442 4504 potior
458 4419 554 4494 endec,
570 4423 652 4498 quod
667 4421 698 4478 in
707 4421 890 4500 explicandis
900 4421 1103 4480 adfinitatibus
1112 4421 1273 4480 adhibuere
1282 4421 1426 4480 vocabulo
1434 4421 1556 4478 ninnium
1565 4417 1726 4476 communia
1737 4425 1858 4491 uorago,
1868 4433 1900 4469 cx

339 4519 398 4594 quo
408 4513 503 4572 enasci
513 4511 616 4570 debuit
625 4525 777 4570 auctorum
787 4525 904 4592 nostrae
912 4512 1014 4570 aetatis
1023 4511 1182 4574 dissensus.
1198 4511 1365 4569 Secundum
1374 4509 1568 4573 Vuiilantiunu
1575 4503 1718 4565 Prusitsl.
1727 4501 1856 4578 Philippi
1867 4501 1898 4557 Y-
