4270 5488
299 595 385 724 aaa
473 614 477 622 ’
757 570 961 709 'nuens
1014 580 1440 706 arcuncurtis.

296 811 330 871 in
362 805 455 892 cujas
483 803 592 874 numia
627 803 777 870 coloniae
811 792 945 869 nomine
980 803 1066 868 ensis
1101 801 1136 864 in
1159 799 1282 888 Opusc.
1306 795 1579 882 mythol.‚Gallei
1603 798 1709 884 pilo.
1733 799 1869 894 Quium

295 910 364 970 Pan
391 907 510 970 sedens
538 919 635 990 typus
661 906 796 984 obvius,
827 922 923 992 atque
945 903 1065 969 eodem
1101 905 1188 965 Pana
1211 901 1324 966 ludum
1351 899 1413 963 sibi
1437 920 1596 986 quaerere
1622 903 1665 964 ait
1684 905 1757 971 Val.
1775 903 1869 968 Flac·

297 1024 376 1094 puto
409 1009 580 1093 pertinere
604 1027 720 1091 capros
747 1009 970 1090 ooniscantes,
1009 1007 1066 1094 qui
1102 1025 1260 1082 croscum
1278 1001 1400 1086 injecto
1415 1019 1514 1065 noctu
1531 1017 1660 1066 terrore
1676 1017 1761 1066 totos
1777 1025 1870 1068 exer·

297 1123 372 1174 sont
393 1109 427 1172 in
455 1109 563 1172 numia
585 1108 791 1193 Amphipolis
805 1112 842 1174 'et
858 1109 1065 1173 Thessaloni·
1102 1107 1184 1169 citus
1216 1122 1249 1169 et
1270 1117 1413 1165 armenta
1441 1123 1539 1166 ruere
1566 1101 1598 1162 in
1625 1103 1769 1178 diversa,
1796 1126 1870 1190 pea-

296 1230 365 1274 cae.
386 1211 507 1273 Notum
540 1211 638 1272 etiam
666 1211 789 1294 Aegas,
814 1225 972 1274 vetustam
999 1213 1067 1273 Ma·
1104 1229 1167 1292 que
1196 1207 1353 1269 montium
1386 1202 1589 1287 saltuumque
1625 1206 1695 1267 avia
1717 1203 1806 1270 videt
1830 1213 1867 1286 ¹).

295 1313 453 1378 cedoniae
490 1309 626 1385 urbem,
658 1315 689 1375 'a
720 1312 827 1395 capris
855 1313 935 1374 Pani
965 1313 1065 1377 saeris
1102 1313 1190 1392 Ergo
1224 1330 1298 1373 curn
1326 1305 1423 1390 hujus
1451 1327 1581 1389 quoque
1612 1305 1783 1368 Gallorum
1805 1321 1870 1371 tre·

296 1414 434 1476 traxisse
457 1431 593 1488 nomen,
624 1425 787 1498 notusque
810 1415 843 1475 in
864 1405 1065 1497 mythologie
1101 1411 1276 1496 pidationia
1306 1387 1421 1471 unctor
1442 1411 1510 1470 Pan
1534 1407 1633 1492 vulgo
1665 1407 1877 1485 crederetur,-

297 1513 442 1598 Aegipan
479 1510 570 1574 loris
606 1531 647 1572 ex
686 1515 778 1598 Aega
813 1517 919 1576 Panos
961 1535 1066 1578 uxore
1102 1513 1179 1574 satis
1209 1509 1422 1582 oausaeluit,
1445 1507 1869 1594 curAntigonusejusdei,

295 1613 381 1674 lilius
404 1617 438 1690 ῑ).
465 1609 508 1670 At
542 1631 602 1676 our
625 1613 805 1695 Antigonus
829 1615 971 1678 Gonatas
994 1617 1065 1698 ejus
1103 1609 1378 1698 cujuspbcnelicio
1400 1609 1537 1672 liberata
1563 1611 1722 1686 Graecia,
1745 1613 1869 1696 etipse

295 1715 350 1778 dei
388 1711 586 1794 imaginem,
625 1713 712 1796 quod
751 1737 859 1801 neque
896 1715 1065 1793 hactenus,
1101 1728 1271 1800 paternum
1299 1713 1460 1794 regnum*
1462 1711 1694 1794 recuperavit,
1725 1709 1870 1797 effigiem

294 1833 401 1900 neque
423 1827 539 1897 postea
568 1835 586 1875 a
617 1802 752 1900 regibus
782 1813 998 1882 ‘Macedoniae
1020 1818 1066 1880 sa·
1102 1822 1252 1877 monetae
1268 1813 1517 1896 imprimendam
1537 1826 1680 1876 curaret.
1703 1811 1787 1878 vida
1807 1811 1869 1876 hnc

293 1931 400 1992 ctum,
431 1929 496 1976 tam
527 1914 699 1999 magnilica
722 1915 838 1998 jactet,
868 1931 991 1982 certam
1015 1939 1067 1981 re·
1104 1915 1298 1996 pertinentia
1328 1915 1486 1977 etiamad
1510 1935 1641 1975 numum
1666 1927 1867 1997 sequentem.

294 2017 389 2102 perio
409 2037 548 2080 eausam.
573 2017 691 2079 Narrat
706 2019 877 2081 Pausanias
893 2021 941 2098 υ),
963 2017 1064 2082 Bren-
1100 2020 1174 2080 Hoc
1214 2037 1256 2078 ex
1285 2017 1443 2078 Pausania
1480 2029 1609 2100 captum
1638 2030 1866 2101 argumentum

292 2141 369 2180 num
393 2138 468 2180 cum
494 2117 665 2180 Gallorum
689 2119 893 2184 exercituad
912 2119 1066 2203 diripien·
1102 2120 1129 2180 si
1153 2117 1255 2194 salet,
1285 2115 1425 2178 dubitari
1456 2119 1591 2200 nequit,
1627 2117 1771 2198 insignes
1807 2117 1869 2179 hoa

295 2219 372 2281 dum
409 2215 572 2300 Apollinis
596 2217 754 2301 templum
778 2221 927 2304 Delphos
956 2219 1066 2304 profe·
1100 2239 1217 2280 numos
1239 2237 1312 2279 esse
1328 2207 1486 2302 Antigoni
1508 2223 1550 2293 1.‚
1572 2219 1765 2304 non„quod
1788 2215 1869 2280 alios

294 2334 383 2382 otum
409 2317 498 2378 nulla
520 2332 698 2404 apparente
726 2341 821 2384 eausa
845 2333 934 2386 tanto
961 2335 1065 2385 terro·
1100 2320 1265 2383 censuisse
1284 2307 1444 2394 diximfls,
1467 2317 1612 2382 alterius.

292 2419 552 2502 reperculsunt,
576 2424 950 2508 utoonveraisrepente
969 2424 1065 2488 vesti·
1143 2419 1341 2484 Commodus
1371 2420 1425 2482 hic
1455 2423 1548 2484 locus
1576 2419 1694 2506 agendi
1724 2419 1765 2480 de
1796 2440 1868 2482 cor·

295 2517 357 2602 giis
380 2517 582 2604 turbatisque
599 2519 767 2584 ordinibus
786 2543 860 2586 cum
877 2525 944 2586 suis
962 2525 1064 2587 omni·
1099 2523 1193 2584 nibus
1227 2521 1363 2584 hircinis
1378 2566 1389 2598 ,
1419 2541 1501 2605 quae
1534 2541 1633 2606 reges
1656 2519 1866 2584 Macedoniae

293 2619 354 2681 ltus
385 2639 427 2680 ue
453 2640 518 2682 uno
543 2619 675 2705 quidem
700 2623 814 2708 elapso
837 2625 1063 2689 internecione
1098 2625 1214 2708 'galeae
1243 2623 1391 2685 inserere
1421 2641 1635 2685 consuevere.
1665 2627 1710 2686 Ea
1733 2643 1797 2684 non
1818 2639 1869 2684 ao·

294 2718 499 2786 caederetur.
523 2721 1061 2804 Jamserosatisconstat,omnem
1099 2727 1166 2786 lum
1191 2737 1426 2787 commemorat
1440 2723 1662 2797 Plutarchus,
1697 2745 1773 2788 oum
1794 2743 1866 2787 nan

294 2835 417 2885 anetum
437 2819 529 2884 nullo
548 2836 640 2886 certo
656 2839 789 2888 auctore
807 2825 985 2892 immissum
1004 2833 1064 2890 Pa·
1098 2839 1166 2901 rar,
1188 2825 1347 2906 Pyrrham
1373 2808 1518 2908 agnilum
1542 2845 1583 2884 es
1606 2829 1714 2887 cristis
1735 2829 1868 2889 illumi·

292 2927 399 2986 nisum
422 2919 481 2984 aino
505 2949 542 2983 aa
565 2919 668 3000 [lapsa
688 2925 789 2989 fuisse
808 2925 940 2991 dietum.
964 2927 1070 2990 aedis
1100 2931 1204 2988 bosea
1219 2929 1368 2988 cornibus
1388 2931 1521 2988 hircinis
1535 2921 1585 3005 b),
1607 2931 1674 2986 tem
1703 2915 1737 2988 et
1754 2925 1867 2987 Livius

294 3021 412 3086 eodem
431 3024 505 3086 loco
520 3023 713 3088 Pausanias:
735 3049 776 3086 τα
792 3051 858 3113 «γαρ
877 3017 936 3092 alito
963 3029 1066 3102 αἰτιας
1099 3025 1281 3111 perhibens
1303 3025 1351 3108 e)‚
1372 3027 1560 3108 Philippum
1577 3025 1618 3090 V.
1646 3025 1679 3086 in
1701 3045 1809 3109 pugna
1827 3023 1866 3088 ad

284 3115 417 3198 ddsptaf
444 3117 576 3206 deipara
599 3119 633 3184 s'a
659 3143 731 3186 arra
753 3125 890 3211 (Πανος)
913 3139 989 3206 φασι
1013 3155 1065 3214 ‹pe-
1101 3130 1275 3207 Sicyonem
1307 3131 1341 3191 in
1375 3127 1526 3189 arborem
1550 3127 1675 3208 impetu
1697 3129 1772 3211 equi
1797 3125 1868 3188 illa·

292 3223 418 3298 stollas,
441 3233 577 3286 terrores
598 3229 682 3286 enim
701 3249 722 3287 a
741 3233 833 3290 osello
856 3252 956 3294 causo
975 3243 1063 3294 ortos
1098 3243 1185 3303 tunt,
1210 3251 1312 3292 cornu
1335 3230 1472 3292 alterurn
1497 3229 1610 3313 galeae
1635 3227 1865 3313 praefregisse,

292 3345 315 3384 a
336 3325 425 3384 Pane
442 3327 537 3400 ajunt
557 3325 660 3401 injici.
687 3323 777 3430 ldept
796 3329 947 3394 obaervat
968 3330 1059 3394 scho-
1098 3331 1186 3414 quod
1209 3329 1248 3393 ab
1274 3323 1392 3392 Aetolo
1424 3332 1563 3414 quodam
1595 3348 1781 3415 repertum,
1815 3349 1866 3392 re·

194 3495 198 3508 ι
291 3419 387 3486 liaste
416 3419 457 3482 ad
481 3422 647 3506 Euripidis
683 3423 918 3512 Huragdepag
939 3431 1062 3513 ¹),·et
1099 3433 1152 3511 gio
1184 3431 1249 3494 hoc
1277 3431 1396 3514 insigni
1431 3431 1549 3515 passim
1572 3431 1723 3514 cognito,
1746 3431 1860 3494 famam

294 3521 458 3587 Cornutus
474 3528 515 3604 tt).
560 3523 782 3610 inconsultum
818 3529 904 3594 huno
939 3521 1060 3595 melum
1098 3533 1370 3614 intersectiregis
1391 3532 1552 3616 vulgarit,
1575 3532 1863 3594 sedeademlaaee

155 3681 174 3690 -
290 3635 376 3688 teste
406 3623 565 3710 Dionysio
593 3625 669 3699 Hal.
693 3629 734 3712 Ι).
782 3633 922 3696 Romani
950 3635 1062 3699 Fauno
1099 3635 1220 3696 cornua
1253 3635 1356 3696 oculis
1386 3631 1515 3714 subjicit
1548 3629 1700 3694 denarius
1719 3627 1863 3693 Lotus·

292 3725 515 3810 imputavere,
550 3728 620 3790 aive
651 3751 724 3794 cum
754 3732 904 3797 insolitae
934 3733 1062 3817 species
1098 3735 1141 3797 cii
1154 3734 1316 3819 Philippi,
1336 3734 1390 3818 qui
1413 3734 1536 3813 pictum
1565 3734 1649 3795 oiatit
1671 3743 1766 3815 caput
1787 3729 1863 3793 Plri-

293 3825 408 3892 ocnlos
438 3825 605 3892 hominum
642 3845 832 3910 exterrent,
861 3833 930 3897 sire
962 3855 1062 3900 voces
1097 3835 1179 3920 lippi
1199 3837 1238 3904 V.
1265 3831 1478 3898 Macedoniae
1509 3834 1598 3917 regis
1622 3847 1744 3896 tectum
1773 3827 1864 3914 galea

292 3927 422 3992 divinae
459 3947 551 3992 aures
594 3951 707 3996 eorum
745 3935 939 4020 percellunt.
994 3935 1061 3999 Sed
1097 3937 1138 4000 ad
1162 3953 1303 4001 mentum
1327 3935 1458 4008 clausa,
1491 3953 1532 3995 ex
1558 3933 1649 4019 cujus
1673 3927 1864 3998 sertlcelsi·

292 4025 423 4091 Faunus
446 4052 464 4090 a
491 4031 579 4094 Pane
604 4033 657 4097 rix
677 4028 798 4100 differt.
820 4037 978 4116 Causam,
1001 4059 1061 4103 our
1095 4059 1135 4099 na
1167 4039 1332 4101 hircorum
1365 4055 1489 4102 cornua
1515 4035 1743 4120 protuberent.
1770 4031 1862 4098 aeae

293 4126 421 4191 timoris
443 4127 539 4209 hujus
562 4149 678 4198 tumor
699 4133 844 4200 creditus
866 4135 1058 4218 lueritPan,
1096 4139 1223 4222 galeam
1254 4159 1357 4202 cornu
1387 4133 1563 4222 praefixam
1589 4135 1623 4201 ln
1652 4133 1760 4200 numia
1782 4135 1864 4216 Try.-

294 4227 370 4292 Vlde
409 4229 496 4311 *lull
522 4229 725 4316 Anonymum
763 4237 804 4302 de
834 4237 1056 4304 incredibilib.
1093 4239 1212 4324 phonis
1236 4237 1349 4323 Syriae
1372 4239 1481 4324 regis,
1515 4254 1596 4323 quos
1619 4237 1706 4302 sida.
1742 4233 1865 4304 Verial·
1941 4289 1945 4298 .

412 4511 440 4620 ¹¹)
459 4545 564 4631 Hygin.
581 4555 702 4616 Astron.
715 4555 750 4618 L.
764 4557 800 4615 11.
816 4580 843 4618 e·
860 4567 902 4620 13.
943 4565 976 4632 s)
997 4559 1027 4616 L,
1044 4561 1172 4624 xmp,
1204 4559 1236 4634 ι)
1256 4557 1361 4620 Medea
1382 4569 1485 4623 ,2172
1518 4559 1550 4632 y)
1570 4551 1864 4617 dalintonam.

312 4639 340 4710 ³)
359 4643 391 4702 L.
408 4643 445 4707 V·
459 4651 568 4724 palm
602 4645 631 4720 ι>
651 4649 813 4724 argonaut
828 4649 860 4706 L.
873 4647 924 4708 Ill.
940 4665 969 4708 v.
983 4655 1020 4716 48
1033 4651 1112 4726 seq}
1126 4649 1159 4724 b)
1178 4649 1337 4727 inPyrrho
1349 4671 1380 4730 p.
1395 4657 1457 4716 389.
1491 4653 1520 4722 ⁰)
1540 4640 1708 4709 LXXVII.
1723 4663 1748 4702 c·
1762 4649 1809 4706 33·
