4250 5482
641 571 1360 658 INSVLAEAEGAEI.
1719 601 1788 671 ast
1888 607 1890 612 “

223 783 279 841 aa,
299 755 363 847 pro
385 756 506 836 MtMc
528 755 686 820 dixissent
712 777 841 851 quoquo
862 751 990 830 Matar,
1026 775 1080 818 rea
1110 757 1293 819 rarissimos
1324 776 1364 818 es
1393 756 1455 818 hoc
1480 753 1613 818 metallo
1642 756 1794 838 offerant,

224 861 494 948 cumqueiucnla
509 874 620 922 nostra
642 879 761 922 nomen
782 858 918 920 traxerit
933 853 991 918 ἀπο
1026 859 1058 918 in
1082 877 1176 920 causa
1199 877 1271 920 esso
1282 871 1391 941 puto,
1413 858 1502 942 quod
1527 873 1610 921 toste
1633 859 1799 930 Strabone

222 983 258 1030 ta
275 972 376 1049 μηλιι,
399 985 416 1025 a
441 965 548 1037 molo,
571 961 662 1044 cujus
677 982 738 1045 per
757 961 990 1024 rotunditatem
1028 961 1204 1024 vicinarum
1235 961 1414 1022 insularum
1453 959 1514 1020 luit
1552 957 1793 1047 ἁξιιλοτγωτεςιι,

223 1068 367 1156 speciem
394 1061 582 1138 referebat,
605 1066 695 1146 (nam
712 1063 855 1124 omniunt
873 1061 993 1124 insula·
1026 1076 1325 1147 cumquoconstet
1347 1082 1387 1124 ox
1411 1059 1605 1142 Thucydide
1628 1063 1671 1151 ¹),
1694 1067 1797 1132 fuisso

225 1194 297 1240 rum
321 1167 584 1232 rotundissimum
621 1165 702 1227 dixit
726 1165 869 1245 Plinius)
898 1177 991 1227 tecte
1027 1167 1146 1228 Melias
1184 1165 1417 1250 Spartanorum
1455 1164 1608 1243 colonos,
1647 1181 1715 1229 tum
1755 1187 1800 1232 ex

222 1273 346 1337 Dorice
364 1269 535 1332 dicebatur
548 1265 678 1344 Maior,
693 1281 726 1328 ct
741 1267 789 1330 sic
805 1281 993 1330 constanter
1028 1270 1163 1331 Conone
1185 1267 1270 1352 apud
1287 1266 1438 1328 Plautium
1456 1276 1504 1349 t),
1521 1269 1643 1330 Melum
1666 1255 1799 1354 aspar-⁸

222 1375 366 1444 Doricus
380 1371 578 1434 Theocritus
595 1368 675 1431 dixit
690 1371 806 1447 μαλον,
823 1367 909 1429 unde
928 1371 993 1431 La·
1028 1369 1109 1431 tanis
1140 1358 1301 1432 exulibus¹
1316 1371 1498 1445 conditam,
1521 1371 1567 1432 sie
1589 1385 1625 1432 ut
1646 1385 1800 1456 propter«

223 1479 364 1544 tinorum
388 1473 518 1536 molam.
541 1474 615 1534 Non
640 1489 737 1552 nego,
761 1470 793 1530 iu
817 1471 888 1532 aliis
912 1471 992 1532 atati
1028 1492 1065 1534 ea
1086 1472 1201 1554 Sparta
1227 1487 1262 1533 et
1282 1471 1387 1534 Melus
1413 1471 1551 1534 foedere
1576 1492 1708 1556 semper
1728 1473 1799 1555 jun·

223 1578 339 1650 armis,
356 1594 438 1660 quoa
453 1574 608 1638 continuo
623 1568 993 1654 descriham‚logiMH·
1028 1585 1098 1636 ctae
1125 1588 1252 1647 essent,
1277 1593 1404 1636 causam
1432 1574 1529 1634 etiam
1553 1571 1684 1638 dialecti
1700 1575 1797 1638 Dori.

147 1710 151 1722 =
221 1675 363 1753 ΛΙΩΝ,
385 1677 537 1738 nimirum
558 1673 653 1736 etiam
672 1671 811 1748 urbium,
830 1695 910 1757 quos
927 1697 993 1738 mo·
1028 1694 1086 1737 cae
1110 1672 1312 1736 manifestam
1337 1676 1506 1738 habemus.

223 1781 267 1846 do
288 1780 458 1852 recensui,
483 1774 572 1840 numi
592 1772 997 1839 aliiinscribnntarDari-
1071 1778 1131 1840 His
1168 1778 1353 1840 constitutis
1381 1798 1456 1840 cum
1488 1777 1609 1840 malum
1637 1777 1799 1846 Punicum

223 1865 993 1958 ca,attitiatentoconmunitoAEtttNME-
1028 1878 1184 1962 frequens
1201 1881 1291 1957 sitin
1307 1879 1387 1940 atati
1405 1879 1511 1942 numia
1538 1892 1654 1962 typus,
1670 1890 1703 1940 et
1728 1880 1803 1964 ipsa
1857 1929 1860 1936 .

224 1977 555 2050 ΣΗΜΒΡΙΑΝΩΝ
574 2025 583 2057 ,
645 1975 990 2062 ΜΕΘΤΜΝΑΙΩΝ
1029 1983 1134 2044 insula
1165 1981 1311 2044 Dorismi
1333 1981 1477 2062 patiens,
1508 1978 1666 2044 habenas
1689 2001 1799 2066 quatur

221 2103 302 2150 oto:
326 2083 382 2170 qui
406 2103 477 2146 mos
499 2080 607 2146 varios
626 2080 993 2166 pendebatatariaae·
1029 2083 1102 2146 dem
1134 2084 1222 2146 relat
1255 2085 1440 2163 impositam
1469 2082 1596 2165 legera,
1628 2095 1661 2142 ut
1681 2101 1801 2146 numos

220 2202 310 2260 tato,
333 2201 365 2248 et
383 2183 482 2248 variis
501 2183 630 2248 incolis.
1028 2201 1112 2262 tres,
1136 2207 1218 2270 quos
1235 2185 1342 2268 primo
1359 2185 1435 2248 loco
1451 2183 1623 2266 descripsi,
1645 2184 1710 2248 hue
1725 2203 1802 2246 aro-

263 2291 306 2352 tt
339 2285 428 2371 qn'od
468 2301 565 2368 caput
593 2300 661 2358 est,
690 2280 870 2368 epigraphe
901 2279 992 2343 ΜΑ·
1029 2308 1151 2354 cemus.
1195 2287 1296 2360 Noti,
1337 2307 1470 2348 numum
1494 2285 1590 2348 tertia
1612 2283 1807 2369 aedepoais

220 2382 351 2450 ΛΙΩΝ
367 2382 579 2448 Maliensibua
596 2387 785 2448 Thessaliae
802 2401 991 2466 copatere
1030 2405 1096 2471 turn
1126 2389 1351 2452 aPellerinio
1386 2387 1487 2448 tribui
1502 2387 1800 2467 Methymoae,ui·

219 2487 313 2551 nullo
342 2501 437 2571 pacto
467 2501 586 2568 potest.
629 2490 758 2552 Horum
788 2488 933 2569 gentile,
956 2501 991 2548 nt
1028 2480 1146 2554 mirum
1172 2490 1329 2555 suadente
1351 2486 1460 2563 Mn..
1482 2503 1515 2550 et
1534 2488 1622 2557 diota
1644 2489 1717 2570 ejus
1731 2488 1822 2552 ion·
1855 2527 1858 2538 ·

219 2590 256 2652 in
291 2607 407 2650 eorum
442 2605 570 2652 moneta
608 2589 765 2664 diximus,
795 2603 990 2672 perpetuum
1029 2611 1115 2668 mae,
1139 2613 1200 2674 qua
1224 2611 1294 2652 eam
1322 2591 1353 2650 in
1376 2590 1567 2652 certisaliis
1589 2591 1798 2670 Methymna·

218 2688 286 2754 suit
312 2685 475 2766 Μηλιευς,
504 2692 557 2754 vel
580 2689 742 2764 Μαλιευς,
772 2712 878 2776 aquo
898 2706 990 2752 recte
1027 2693 1135 2755 numia
1154 2691 1261 2756 lictant
1286 2691 1591 2768 ridentumVernm
1615 2690 1711 2773 liujus
1731 2688 1799 2752 for-

221 2789 396 2856 deducitur
407 2788 570 2871 Maltinus,
600 2789 895 2878 quodpracfcrnnt
913 2811 993 2873 quo-¹
1026 2814 1101 2864 mae
1122 2793 1209 2856 diota
1234 2794 1341 2856 minua
1363 2804 1468 2856 tutum
1491 2791 1648 2874 judiciam
1678 2789 1801 2854 conati·

220 2913 288 2979 que
316 2893 427 2968 numia
448 2915 563 2958 terum
585 2917 628 2959 an
648 2908 682 2957 et
698 2891 835 2955 Μαλιων
854 2894 991 2957 formari
1027 2899 1108 2976 tuit;
1135 2891 1800 2959 simillimamenimolleruntnamicot·
1889 2941 1890 2944 ,
1954 2929 1957 2938 ,

217 2997 301 3062 indo
323 2997 454 3083 potest?
476 2997 577 3080 Atqui
597 2995 720 3077 gentile
734 2996 817 3056 Meli
840 2993 992 3068 lait'Ma·
1027 3017 1143 3078 cyrae,
1179 3002 1400 3071 Boeotorum,
1428 2997 1561 3078 Minyae
1595 2993 1797 3067 Thessaliae,

225 3105 304 3176 λης,
319 3099 497 3164 secondum
514 3096 601 3180 quod
617 3094 993 3170 innamisMHAtttN‚
1029 3099 1112 3188 Naxi
1132 3098 1272 3176 ticinae,
1297 3097 1499 3182 aliarumque
1526 3096 1677 3172 urbium,
1700 3109 1800 3179 atquo

221 3213 259 3268 ot
299 3199 388 3286 quod
425 3201 590 3283 seqnitur,
618 3199 741 3261 Dorion
772 3193 991 3261 ΜΑΛΙΩΝ.
1029 3201 1056 3262 ai
1081 3195 1693 3284 pertinaciusaldeliqnoa'pnenumis
1715 3197 1800 3281 ejus·

222 3301 323 3397 Quod
351 3299 391 3364 ad
430 3314 523 3383 typos
555 3299 689 3374 attinet,
724 3315 821 3383 capnt
849 3299 993 3362 Palladis
1021 3299 1117 3363 'modi
1140 3300 1259 3362 dictam
1284 3303 1417 3384 exigas,
1448 3293 1583 3364 habebis
1604 3320 1677 3362 eam
1703 3300 1800 3362 etiam

222 3405 349 3466 sistitur
367 3405 461 3466 etiam
478 3403 511 3464 in
529 3402 647 3485 agnitis
664 3400 744 3464 Meli
761 3403 887 3476 numia,
910 3423 993 3487 quos
1030 3405 1062 3470 in
1085 3422 1183 3463 numo
1203 3395 1431 3487 imperatorio,
1455 3422 1552 3488 quens
1573 3400 1660 3461 inira
1679 3400 1797 3466 cirita

221 3503 425 3578 videbimus,
453 3517 486 3568 et
515 3505 549 3566 in
578 3502 695 3574 iisdem
725 3517 776 3565 cst
804 3503 900 3566 etiam
931 3524 993 3565 ma·
1027 3505 1071 3567 At
1102 3505 1226 3568 certius
1254 3507 1431 3570 discrimen
1455 3503 1646 3586 *suppeditat
1677 3503 1799 3567 malum

222 3605 294 3668 lum
330 3605 510 3679 Punicum,
549 3619 622 3680 aut,
654 3606 683 3668 ai
713 3605 865 3681 marelis,
894 3624 992 3689 pepo,
1028 3607 1350 3683 Punicum-rarum
1388 3607 1422 3666 in
1458 3607 1564 3686 onmis
1601 3603 1800 3686 symbolum,

221 3725 344 3790 nempe
372 3729 445 3771 cum
475 3707 647 3773 adluaione
672 3705 713 3769 ad
742 3725 855 3770 rorem
887 3711 994 3788 μηλοιι
1029 3709 1116 3794 qnod
1154 3708 1188 3771 iu
1218 3710 1317 3772 certis
1346 3697 1555 3796 lletyhymnaa
1583 3707 1692 3770 numia
1720 3726 1801 3770 nune

218 3809 275 3873 tel
297 3811 406 3889 μαλοι,
429 3824 465 3874 ut
486 3809 636 3872 diximus.
680 3805 836 3871 Offerunt
853 3807 886 3870 hi
904 3810 994 3871 numi
1030 3832 1143 3895 quam,
1172 3810 1206 3872 in
1235 3809 1334 3873 certis
1356 3811 1436 3872 atati
1457 3810 1651 3892 frequenter
1672 3808 1801 3892 canapi

221 3910 355 3973 nomina
384 3910 647 3995 magistratuum,
676 3925 711 3972 ut
740 3925 773 3974 ct
799 3911 890 3972 numi
913 3911 993 3974 atati
1030 3911 1131 3983 citur,
1164 3912 1213 3976 tic
1240 3925 1277 3972 ut
1305 3913 1420 3986 ctiam,
1451 3931 1524 3974 cam
1554 3911 1652 3973 aliurn
1674 3907 1801 3974 inferre

221 4011 300 4090 alii,
333 4034 415 4097 qnos
447 4012 637 4088 citabimus,
666 4012 762 4074 nullo
781 4012 939 4076 imotenus
959 4013 992 4076 in
1031 4026 1141 4094 typum
1171 4013 1351 4098 principata
1375 4014 1515 4096 placuit,
1538 4029 1646 4076 tamen
1669 3995 1817 4076 innata=

222 4104 323 4178 cortis
351 4113 697 4180 Maliensiumnusnis
727 4127 904 4197 comperto·
929 4136 995 4178 ma-
1029 4116 1196 4178 nullorum
1232 4135 1328 4189 area,
1363 4131 1398 4178 ut
1432 4115 1633 4188 ridebimus,
1663 4114 1803 4184 minoris

221 4214 374 4298 guarna.
415 4213 516 4309 Quod
541 4235 659 4278 numos
688 4237 728 4278 ea
756 4229 930 4300 argenteos
953 4218 994 4280 si·
1030 4216 1468 4300 formaealiutlespreaaum
1483 4218 1536 4290 sit,
1558 4213 1803 4301 quimoaapud

222 4305 450 4398 gnarit,cu1n
472 4333 581 4382 tamen
602 4321 726 4402 Argaei
749 4320 874 4382 insulae
893 4321 997 4384 mino-
1031 4319 1165 4384 Sidetas
1179 4340 1310 4405 quoquo
1327 4319 1436 4382 saluit.
1450 4319 1543 4384 Nihil
1564 4339 1646 4404 argo
1660 4317 1803 4402 anplius

343 4613 423 4688 011.
442 4615 480 4674 V.
500 4633 525 4672 e.
544 4621 587 4680 84.
636 4677 646 4688 ,
675 4615 703 4690 ε)
723 4616 840 4676 Narrat.
858 4627 902 4680 37⁴
