4296 5494
805 631 1177 706 reasons.
1290 631 1295 642 ·
1746 659 1792 730 45

202 797 333 883 quihus
354 817 393 861 es
415 797 558 885 dignitas
572 798 813 878 dissimulatur,
835 822 929 886 qnam
951 803 985 866 iu
1021 803 1100 878 cui,
1128 800 1253 876 urbes,
1283 803 1520 886 cumprimum
1551 807 1711 872 coloniam
1740 832 1806 876 re·,
1873 836 1875 842 ¹

201 899 333 983 quihus
348 898 488 966 additur.
510 901 561 963 Au
576 902 663 987 qnod
685 903 798 966 eadem
822 917 986 989 metropo·
1021 922 1158 988 cepere,
1183 901 1332 968 coloniae
1347 901 1468 968 indicia
1489 926 1548 969 seu
1562 907 1786 994 inscriptione,

200 999 269 1077 lis,
301 1010 338 1066 et
358 1002 486 1065 colonia
508 1023 582 1066 esse
609 1023 676 1066 nou
698 1006 833 1090 potuit?
860 1023 986 1071 contra·
1021 995 1187 1088 seu,typo
1215 1023 1378 1089 uunquam
1402 1007 1622 1090 neglexerint.
1659 1015 1702 1075 At
1731 1033 1788 1078 ue·

200 1103 299 1165 rium
321 1101 460 1188 prohaut
484 1104 726 1182 Thessalonica,
746 1107 856 1184 Sidou,
879 1109 985 1190 Tyras
1022 1125 1182 1188 quaquam
1212 1105 1370 1168 molestus
1400 1119 1450 1168 est
1478 1108 1532 1171 hic
1555 1111 1682 1190 nodus,
1711 1135 1786 1176 nam

200 1217 277 1270 oto.
315 1203 516 1289 Nognvorit,
555 1206 799 1292 Philippopolin
824 1209 983 1274 Thraciae
1019 1202 1094 1266 fieri
1114 1217 1261 1290 poterat,
1284 1217 1320 1268 ut
1342 1205 1481 1270 suhiude
1499 1210 1675 1276 haeeurha
1698 1216 1786 1280 colo·

201 1305 318 1369 tuisse
336 1305 521 1370 coloniam?
543 1319 575 1370 at
591 1309 663 1388 quis
677 1327 751 1371 eam
767 1309 917 1388 edocuit,
938 1315 984 1376 al·
1018 1307 1091 1369 niae
1120 1307 1192 1390 jura
1222 1305 1340 1368 iterum
1365 1308 1554 1388 amitteret,
1584 1314 1673 1398 quod
1698 1315 1786 1379 idem

158 1419 163 1429 '
201 1419 321 1472 taram
342 1408 481 1470 Arabiae
504 1408 607 1470 fuisse
631 1410 817 1476 coloniam?
837 1413 983 1482 Victoria
1018 1407 1177 1470 eccidit&
1217 1405 1356 1488 N⁰⁸P⁰li
1386 1409 1549 1472 Simmiae
1592 1414 1632 1476 ib
1667 1409 1785 1479 eodem

204 1507 346 1572 schoni
371 1509 470 1573 verb.
495 1523 585 1572 mm:
608 1513 735 1576 condito
758 1520 849 1593 apud,
865 1521 982 1580 Amor.
1017 1507 1172 1592 Philippo
1216 1507 1376 1572 deductae
1419 1510 1600 1574 verisimile
1645 1513 1784 1592 dicetur,
1819 1546 1822 1555 =
1915 1517 1921 1526 ’

201 1631 263 1672 osrs
284 1611 497 1692 Philippopols'
512 1614 642 1690 oppido,
663 1611 827 1696 loquantis
852 1615 893 1678 do
908 1615 984 1678 Phi·
1019 1611 1073 1672 vel
1105 1609 1222 1672 citatus
1242 1609 1412 1676 Vaillautii
1433 1630 1550 1694 namus
1572 1613 1708 1677 alterius
1738 1633 1789 1682 est

201 1709 331 1794 lipp03
378 1724 412 1772 et
446 1715 618 1775 zonarae:
655 1723 742 1777 ortuo
781 1716 982 1802 (Philippoi)
1018 1709 1131 1785 urhis,
1167 1708 1258 1772 facili
1287 1708 1381 1792 lapsu
1409 1709 1443 1770 iu
1472 1711 1616 1775 lectione
1645 1718 1787 1780 nominis

204 1816 364 1886 Boario,
393 1814 450 1873 uhi·
470 1815 580 1874 arbom
605 1815 738 1894 imporio
755 1821 879 1895 potito,
896 1823 984 1882 aedi.
1017 1811 1050 1870 in
1071 1802 1302 1900 ΠΟΛΙΤΩΝ
1324 1808 1521 1887 desinentia,
1554 1815 1642 1898 quod
1665 1829 1713 1880 tot
1735 1842 1788 1881 ar·

200 1917 340 1994 prosit,
372 1934 506 1995 masque
533 1899 770 1994 Philippopolin
794 1921 982 1982 nominavit.
1017 1911 1112 1974 bibus
1147 1910 1210 1974 fuit
1246 1910 1431 1995 proprium.
1468 1914 1569 1977 Certe
1600 1917 1633 1977 iu
1664 1921 1786 1982 moseia

202 2015 243 2076 tn
273 2012 388 2076 eadem
410 2013 509 2078 rerba
536 2013 716 2078 Cedrenus.
747 2016 851 2078 Etiam
879 2021 984 2083 Euae·
1017 2012 1221 2086 Anstriacis,
1265 2028 1347 2094 quae
1389 2010 1630 2099 Philippopolis
1679 2023 1787 2084 numia

202 2112 313 2189 hius,
348 2113 486 2198 ejusque
516 2115 681 2199 interpres
702 2117 744 2178 de
767 2116 935 2183 aedificata
964 2144 983 2184 a
1018 2127 1156 2198 propter
1183 2111 1334 2176 viciniam
1364 2125 1439 2174 suut
1466 2114 1694 2195 instructiore,
1717 2121 1788 2205 ejus

203 2213 368 2300 Philippo
389 2214 530 2279 nominis
553 2219 604 2279 sui
632 2217 715 2280 urbe
740 2219 921 2306 loquuntur
939 2227 982 2301 ¹²),
1017 2213 1109 2276 numi
1123 2213 1281 2298 postremi
1301 2214 1336 2275 iu
1354 2213 1528 2299 imperium
1544 2215 1715 2300 Elagabali
1737 2243 1788 2286 ca·

206 2317 317 2394 Nulla
350 2315 383 2377 iu
423 2316 475 2378 his
504 2318 653 2382 coloniae
683 2323 818 2386 mentio.
857 2327 981 2386 Tamen
1019 2313 1111 2380 dunt.
1133 2319 1224 2379 Haec
1247 2315 1275 2376 si
1295 2333 1374 2378 vera
1399 2330 1492 2392 sunt,
1517 2335 1631 2381 omnes
1654 2321 1689 2381 hi
1711 2322 1789 2384 Phi·
1847 2366 1853 2376 -

208 2435 290 2482 eam
319 2417 510 2486 Vaillautius
531 2432 719 2484 constanter
743 2422 906 2486 coloniam
928 2424 983 2487 ad·
1018 2416 1099 2501 lippi
1135 2429 1168 2480 θῑ
1196 2413 1316 2479 Netini
1346 2415 1436 2478 mimi
1467 2408 1625 2483 0010ΰὶἆό
1654 2423 1787 2486 nomine

204 2519 314 2594 serit,
342 2538 437 2602 quam
461 2541 503 2584 ex
523 2522 629 2586 uumis
653 2521 795 2605 probare
817 2543 882 2588 nou
912 2539 984 2607 pot·
1019 2519 1164 2603 insigues
1191 2517 1233 2580 ad
1261 2515 1397 2579 eandem
1431 2518 1592 2582 Thraciae
1619 2523 1790 2608 Philippo·

208 2633 294 2695 est„
324 2619 387 2682 nisi
420 2635 514 2685 autea
549 2621 763 2706 probaverit,
799 2624 858 2688 sed
894 2623 983 2707 quod
1019 2621 1110 2704 polin
1133 2618 1361 2705 pertinebunt,
1392 2619 1574 2705 acciditque
1605 2621 1655 2684 hls
1679 2625 1787 2687 numia

205 2721 323 2806 ipsum
346 2721 532 2806 quaeritur,
566 2745 684 2788 numos
706 2726 768 2791 hos
791 2727 831 2789 ad
858 2726 982 2812 Philip·
1018 2720 1109 2784 idem
1132 2719 1221 2806 quod
1242 2717 1350 2781 numis
1365 2719 1590 2803 Amphipolin
1614 2723 1670 2806 qui
1699 2723 1789 2789 Vail·

205 2822 348 2907 popolj„
389 2823 529 2889 Arabim
562 2827 741 2908 portinere,
785 2827 858 2892 Etsi
900 2847 981 2891 voro
1017 2823 1119 2885 lantio
1143 2821 1254 2905 judice
1285 2818 1371 2900 justo
1400 2831 1550 2903 tempore
1573 2822 1787 2907 Amphipolin

209 2923 309 2986 nollo
331 2915 455 2986 dignito
478 2940 672 3006 argumento
697 2943 848 3003 conitor,
880 2929 982 2994 Thi-o.
1017 2925 1230 3007 Palmyrenes
1257 2921 1372 2981 exules
1395 2918 1524 3004 taudem
1549 2919 1695 2985 discussa
1720 2945 1788 2987 rne-

210 3025 286 3088 eiae
308 3025 555 3110 Philippopolin
577 3025 679 3089 inissa
703 3031 881 3104 coloniam,
906 3051 982 3094 oon.
1017 3024 1081 3086 lius
1104 3043 1199 3086 causa
1222 3017 1412 3106 Amphipoli
1429 3021 1641 3086 Macedoniae
1656 3027 1788 3089 restitu-

209 3137 277 3187 stat
310 3138 436 3200 tamen,
465 3123 533 3203 nou
573 3147 692 3210 paucas
728 3131 760 3192 in
789 3131 854 3195 hoc
876 3145 982 3198 tractu
1016 3125 1151 3186 fimi·
1578 3141 1581 3149 “

207 3224 335 3300 mbas,
365 3228 454 3308 quod
481 3227 524 3290 ab
550 3229 765 3295 barbarorum
799 3229 883 3294 hoc·
900 3253 982 3298 aava
1043 3225 1216 3304 ,cesorum
1257 3237 1460 3307 compartum
1510 3243 1576 3285 non
1619 3225 1787 3298 habemus.

209 3327 418 3391 incursiones
440 3329 559 3393 incolis
580 3346 690 3398 essent
710 3333 906 3413 exhaustae,
928 3356 981 3412 cof
1017 3345 1100 3410 quae
1127 3344 1222 3388 “⁰⁸⁸
1242 3323 1344 3389 fuerit
1364 3323 1632 3409 PhiliPP0P⁰¹ili⁸
1667 3327 1787 3390 ῦῑῑᾶθῦ·

211 3428 301 3491 lonis
316 3429 434 3492 ddisse
463 3427 705 3517 frequentatas,
743 3435 832 3520 quod
867 3451 980 3521 aperte
1017 3429 1078 3490 (1³0
1108 3425 1228 3490 fflfissi
1265 3427 1398 3492 ¹¹⁰mi⁰⁰
1436 3439 1611 3504 ¹¹¹⁰¹¹0l³02
1648 3428 1784 3512 θὶῦῦἳῑῑθ

212 3529 339 3592 docent
355 3531 447 3594 numi
470 3529 644 3598 viminacii
673 3547 707 3598 ot
728 3537 875 3620 Dioiio3
905 3552 981 3624 poor
1017 3529 1114 3592 etiam
1144 3528 1368 3594 consecrandi.
1399 3527 1434 3591 Si
1463 3528 1516 3592 oui
1542 3527 1646 3590 exiles
1676 3531 1786 3611 conie-

209 3647 320 3698 auuor
347 3650 414 3693 nou
443 3634 562 3697 multos
592 3657 611 3698 a
639 3635 832 3714 Valeriano,
862 3653 898 3701 at
926 3659 982 3703 ro·
1016 3629 1289 3712 ctnraeplaoeut,
1306 3627 1610 3714 adoatSeguinnm,
1632 3643 1666 3692 et
1684 3631 1784 3714 Span-

209 3733 351 3797 sisimile
387 3745 461 3811 est,
500 3735 738 3801 Thessalonica
766 3739 980 3804 Macedoniae
1015 3729 1160 3793 hominm
1178 3737 1221 3807 ⁰)·

210 3833 343 3898 colonia
377 3845 427 3896 est
464 3834 621 3916 deducta,
657 3859 761 3926 eaque
796 3841 831 3904 in
861 3843 980 3922 numia,
1015 3835 1086 3896 ΑΕ·
1110 3837 1203 3901 RRR·

209 3933 352 4018 perinde
387 3956 425 4000 sc
461 3937 703 4025 Philippopolis
721 3971 738 4017 ‚⁴
765 3942 979 4028 inscriptione

210 4037 339 4102 &acca
373 4052 425 4101 est
460 4059 528 4106 usa.
558 4041 716 4120 Vnicum,
745 4044 833 4129 quod
857 4047 980 4129 opponi
1066 4089 1071 4096 -
1196 4018 1225 4076 Ρ
1230 4014 1257 4074 1¹
1267 4011 1357 4073 Μ’
1363 4013 1396 4074 Ν
1403 4005 1602 4073 OPOI‘IS'

210 4153 328 4220 timis
359 4153 427 4216 0⁸ls
456 4141 550 4210 citeri
572 4166 590 4206 s
613 4143 788 4212 Vaillantio
810 4147 980 4231 Philippo·
1055 4153 1296 4221 Mediterranea
1318 4150 1360 4213 ad
1379 4148 1529 4212 Hebrum
1557 4143 1593 4213 il.
1616 4145 1664 4208 sic
1686 4165 1782 4210 roca·
1853 4200 1857 4210 .

208 4239 297 4322 polis
333 4239 495 4306 Thraciae
530 4265 664 4309 numum
700 4249 864 4322 Graecum
903 4271 977 4314 cum
1013 4267 1045 4318 ta
1068 4279 1087 4318 a
1108 4255 1238 4320 Plotius
1261 4250 1519 4335 Trajaniuxore.

209 4341 318 4426 capite
345 4342 519 4411 Saloninae
547 4347 668 4434 absque
691 4353 858 4416 montione
882 4349 976 4416 'eolo-
1285 4355 1500 4434 Imperators's'.
1592 4409 1595 4414 .

205 4445 306 4522 nise,
337 4468 410 4511 com
447 4464 575 4528 tamen,
605 4465 641 4514 ut
670 4453 749 4517 alias
770 4456 897 4521 abunda
919 4456 976 4520 do·
1052 4459 1220 4520 Hactenus
1270 4467 1395 4519 tautum
1445 4451 1568 4536 proditi
1610 4447 1778 4518 Antonini,

1586 4597 1767 4615 Μ

319 4672 353 4742 p)
376 4667 409 4724 iu
425 4626 588 4730 Chionico.
706 4675 736 4746 ο)
755 4671 789 4734 ll.
806 4695 848 4735 co.
