4232 5488
182 607 345 718 ,m
758 591 1365 714 cemimEMt

276 783 406 848 cunque
430 781 468 830 ea
493 763 545 828 ait.
596 765 714 846 Neque
746 783 818 826 eam
849 761 1052 828 Pelleriniue
1088 725 1254 847 pondero,
1284 785 1347 826 una
1373 763 1407 825 in
1431 759 1529 835 Elide
1565 763 1720 849 propria,
1742 765 1860 830 'altera

277 865 366 946 Pytt,
386 866 543 949 signatam
575 861 729 942 dixisset,
757 863 821 926 nisi
851 863 1050 946 sequendam
1076 868 1120 947 kin
1144 865 1332 950 Triphylia,
1356 883 1439 950 quae
1462 855 1526 926 tuti
1541 851 1648 926 Elidis
1672 887 1764 950 pare,
1792 881 1862 954 tter·

282 965 407 1028 Goltzii
429 965 654 1029 auctoritatem
672 977 829 1052 putasset.
853 965 1051 1028 Tamenetsi
1088 967 1132 1030 tia
1157 966 1401 1061 in'ldessepia,
1440 967 1540 1049 qoam'
1567 967 1653 1030 ride.
1707 967 1858 1032 Dubium

284 1067 366 1132 certi
382 1086 547 1142 essemus,
570 1066 677 1131 literis
702 1061 781 1128 ΠΤ.
804 1061 1052 1151 intelligendam
1091 1067 1207 1145 etiam,
1245 1069 1298 1132 cui
1330 1090 1370 1131 er
1403 1068 1455 1131 his
1480 1071 1589 1132 tribus
1618 1063 1862 1155 permittendus

278 1165 417 1250 Pylum,
440 1158 551 1230 tamen
575 1168 723 1232 nendum
753 1181 937 1258 constaret,
970 1189 1052 1254 quae
1090 1184 1277 1254 postremus
1295 1165 1600 1260 inscriptoellTA.

280 1283 322 1332 ex
355 1271 505 1360 pluribus
535 1268 598 1331 hoc
629 1267 762 1332 nemine
796 1269 926 1354 oppidis
961 1270 1052 1333 illam
1090 1275 1516 1341 Art.1ttttt.Ac.1tltht.

152 1447 160 1456 ⁸
281 1369 344 1433 eibi
372 1370 539 1467 vindicet,
576 1371 685 1435 Fuere
709 1371 783 1455 Pyli
807 1386 876 1435 tres
899 1373 933 1434 in
957 1373 1055 1435 Pelo·

635 1597 1555 1759 chnAturnrn

285 1870 401 1956 Insula
415 1893 504 1976 juxta
520 1891 665 1959 Elidem.
688 1894 769 1980 Ejus
793 1893 917 1986 incolas
940 1896 973 1956 in
997 1915 1055 1956 nu·
1091 1917 1187 1982 quant
1209 1867 1303 1964 certo
1326 1910 1451 1962 constat
1471 1897 1574 1962 iniase
1591 1901 1664 1966 fere
1681 1925 1811 1992 semper
1827 1843 1875 1970 pn‘,

283 1995 344 2056 mis
362 1993 508 2076 signasse
523 2017 656 2080 equum,
672 1995 779 2076 ¹tradit
797 1995 916 2059 Pollux
934 1999 975 2078 ²),
995 1995 1055 2060 ced
1091 1991 1222 2062 rnoueta
1236 2021 1292 2062 sua
1308 2001 1398 2076 usam
1420 1999 1635 2085 inscriptione
1657 2007 1750 2082 Kc,
1774 2007 1866 2092 qnodx

286 2087 396 2160 certus
412 2116 486 2158 cum
502 2097 566 2161 hoo
579 2111 657 2181 typo
673 2110 824 2180 repertus
838 2097 1054 2160 nondumeat.
1093 2099 1133 2164 de
1157 2087 1372 2184 Cephallenia
1387 2089 1452 2166 non
1476 2118 1613 2168 constat.
1627 2113 1630 2120 '
1660 2109 1748 2204 Quid
1773 2113 1861 2194 quod

283 2197 323 2259 Id
346 2196 478 2282 quidem
515 2197 661 2261 Pollucis
695 2197 916 2260 testimonium
953 2201 1056 2263 morit
1094 2216 1128 2264 et
1149 2202 1227 2265 nob.
1251 2201 1388 2266 lacobus
1410 2205 1600 2290 Gradenigo
1630 2207 1782 2276 datis'ad
1810 2235 1864 2276 me

276 2297 458 2374 'Itiebem
484 2317 519 2361 ut
534 2320 668 2362 numum
685 2317 835 2375 aeneum,
851 2299 885 2362 in
903 2315 979 2386 quc:
999 2303 1062 2364 Ca·
1094 2304 1204 2366 literis
1227 2305 1363 2368 'testatus
1386 2321 1448 2382 est,
1470 2309 1532 2370 sihi
1555 2329 1617 2392 per
1631 2331 1732 2376 annea
1750 2314 1863 2394 XXX„

282 2397 842 2486 pallavicilEqrtue,enpraKE.,
864 2403 1057 2484 insrnTEP,
1096 2405 1214 2490 quibus
1236 2401 1271 2468 iu‘
1293 2427 1334 2486 ec
1357 2424 1463 2474 tractu
1486 2411 1691 2489 morabatur,
1722 2413 1862 2481 sidrilem

147 2587 154 2596 .
286 2497 365 2561 huie
398 2499 524 2563 insulae
555 2502 734 2586 largiretur
761 2499 921 2567 indicatae
950 2503 1058 2567 litoris
1094 2499 1258 2593 nunquam
1280 2507 1383 2574 fuisse
1406 2509 1582 2593 objectum.
1621 2545 1624 2552 ⁴

284 2603 407 2687 KElb),
430 2601 893 2680 Veruminaliiesimilibue,
917 2623 1058 2690 quornm
1466 2667 1485 2706 ι
1538 2636 1542 2645 ’

287 2711 402 2795 plures
425 2707 529 2770 edidit
550 2704 806 2791 Pellerinius0),
837 2727 898 2790 pro
919 2711 990 2786 ΚΕ.
1013 2707 1059 2770 le·
1228 2715 1230 2722 ⁴
1405 2711 1423 2750 *
1527 2713 1547 2750 ¹*

283 2809 379 2893 ¹gitur
397 2812 436 2876 A.
460 2811 515 2873 Is.
537 2810 628 2882 KA..
652 2823 741 2892 quae·
758 2820 834 2870 sunt
863 2821 972 2870 certae
1002 2827 1060 2868 no·
1141 2807 1397 2890 Cephallenibus
1416 2822 1524 2871 tamen
1541 2810 1707 2876 tribuendi
1728 2835 1865 2902 aequon-

286 2925 342 2975 tae
366 2911 608 2985 arithmeticae,
632 2923 666 2973 et
683 2931 756 2974 curn
786 2909 821 2971 in
843 2908 959 2972 iisdem
985 2909 1062 2972 Pel·
1098 2923 1166 2974 tear

289 3013 459 3076 lerinianis
481 3024 669 3078 constanter
691 3012 873 3074 retineatur
886 3033 921 3072 το
939 3009 1073 3084 TER,
1143 3014 1256 3090 Cnput‘
1269 3011 1391 3073 Cereris
1413 3005 1513 3090 apicis
1537 3028 1741 3096 coronatum,
1762 3026 1867 3098 jueta

291 3129 419 3176 certum
438 3107 505 3189 esi,
528 3115 579 3176 his
597 3113 702 3174 literis
724 3112 831 3175 notari
857 3110 975 3174 urbem
1001 3111 1062 3173 lto·
1098 3103 1472 3177 HA.tKE‹t›AA00.
1520 3117 1578 3195 lsir
1597 3121 1702 3182 nudus
1726 3129 1868 3188 saueiu-

291 3233 365 3277 rum
388 3234 561 3277 nemorum
585 3215 738 3298 patriam,
762 3231 949 3300 quamcsse
981 3217 1061 3274 'l'er-
1098 3216 1207 3274 sidens
1226 3235 1256 3273 s.
1273 3218 1429 3295 capitium
1444 3213 1538 3276 tenet.
1561 3213 1632 3278 AR.
1649 3217 1708 3283 tlt.

290 3337 436 3380 messum
458 3314 600 3379 Pisidiae
616 3315 778 3397 conjectat
801 3314 1001 3377 Pellerinius
1017 3313 1061 3398 d).
1140 3303 1286 3376 ΚΕΦΑ.
1332 3317 1434 3392 Caput
1444 3319 1594 3392 juvenile
1622 3323 1711 3396 pileo
1739 3327 1905 3392 tectum.'‘

334 3420 483 3482 Aeneam
497 3415 597 3480 olium
617 3417 680 3479 huc
699 3416 835 3480 arcessit
850 3417 1061 3500 Pellerinius,
1098 3409 1242 3493 &Caput
1255 3417 1422 3488 muliebre,
1442 3437 1528 3494 pone
1542 3439 1655 3494 arces,
1676 3433 1714 3483 m
1733 3429 1865 3490 uidetur.

293 3518 326 3580 in
350 3517 518 3606 quoKE.,
542 3533 575 3581 et
598 3532 697 3598 came
719 3524 851 3594 arietis,
883 3531 1061 3602 propterea
1100 3515 1171 3578 AR.
1194 3516 1250 3579 lll.
1274 3514 1532 3596 (Pembroclr'P.
1556 3519 1601 3582 ll.
1622 3519 1687 3585 tab.
1701 3523 1767 3606 Aa.)

293 3623 453 3699 maxime,
484 3619 572 3706 quod
596 3623 630 3684 in
657 3623 771 3682 Sames
793 3639 923 3704 quoque
945 3621 1062 3694 nemis,
1143 3615 1244 3680 Binos
1269 3615 1393 3680 similos
1416 3619 1484 3694 illi,
1517 3639 1615 3704 quern
1642 3623 1785 3704 primum
1812 3627 1868 3691 de·

294 3743 377 3808 quae
410 3737 461 3785 est
478 3723 576 3806 hujus
597 3721 842 3798 insulsorum,
872 3721 957 3784 aries
989 3741 1066 3784 con·
1102 3720 1318 3805 scripseram,
1347 3721 1495 3804 possidet
1528 3721 1676 3786 laudatus
1713 3727 1869 3810 patricius

292 3821 458 3908 spiciatur.
482 3821 658 3893 desiveri
682 3839 756 3887 sunt
781 3825 871 3888 numi
895 3823 1063 3886 Goltziani
1101 3823 1249 3890 Venetus
1276 3823 1346 3884 Jac.
1382 3821 1590 3906 Gradenigo,
1624 3845 1764 3909 quorum
1802 3832 1866 3895 duo

293 3947 366 3991 cum
401 3925 533 3989 nomine
563 3925 711 3989 Helenes
748 3941 781 4008 et
819 3927 995 4000 Cranraes,¹
1018 3921 1059 3985 de
1100 3938 1214 4007 ectypa
1231 3922 1335 3986 amice
1357 3943 1487 3987 mecum
1503 3925 1768 3994 communicavit.
1800 3935 1868 3998 Eos

296 4027 413 4112 quihus
428 4029 483 4112 egi
501 4027 536 4088 in
553 4025 668 4090 insulis
687 4025 838 4100 Atticae,
868 4025 901 4088 in
925 4045 1065 4110 quorum
1100 4039 1241 4089 ⁴testatur
1266 4036 1417 4106 repertos
1438 4025 1471 4086 in
1494 4024 1564 4110 ipsa
1588 4027 1801 4111 Cephallenia
1822 4037 1868 4096 in·

281 4151 362 4216 *uno
381 4131 487 4192 simile
504 4145 602 4213 caput
618 4127 729 4192 arietis
747 4127 965 4212 conspicitur,
986 4127 1067 4188 mal·
1103 4141 1155 4190 ter
1175 4131 1296 4190 rudera
1319 4127 1440 4190 veteris
1470 4132 1593 4204 Sernes.
1643 4129 1754 4194 Alium
1783 4137 1869 4199 simi·

293 4231 361 4294 lem
393 4231 665 4294 numismaillud
694 4231 780 4308 Ceae
808 4227 953 4303 insulae,
984 4247 1066 4310 quae
1103 4231 1188 4306 lem,
1220 4227 1252 4290 in
1282 4249 1348 4314 quo
1378 4228 1501 4293 nitidae
1530 4229 1647 4292 literae
1678 4227 1780 4313 HA„
1802 4237 1869 4302 ridi

296 4334 444 4398 Helenae
484 4330 555 4394 lere
596 4333 658 4396 tuit
690 4333 864 4418 contigua,
903 4330 1066 4412 tribuere,
1104 4333 1137 4394 iu
1161 4331 1594 4419 museoill.Com.*Vltaai.
1638 4336 1872 4402 Horumsinti⁸¹

418 4605 771 4681 ·)t.1x.c.v1‚e.ss.
857 4605 1238 4696 conrumpire„
1313 4611 1342 4682 e>
1362 4591 1695 4687 nec.,r.tt.p.1so.‘
1750 4614 1873 4688 one.
