4282 5520
698 957 1456 1192 cautas

525 1546 559 1602 A
600 1545 627 1602 B
668 1547 712 1605 A.
1186 1551 1198 1580 ⁸
1292 1543 1544 1606 ALABANDA.

240 1649 472 1760 Imperatorem
492 1671 598 1750 binos,
614 1697 711 1740 anam
730 1681 776 1741 nr.
795 1677 933 1753 serata,
959 1677 1003 1738 at·
1081 1677 1268 1758 caricarum
1305 1675 1435 1740 aratum
1465 1676 1655 1741 felicissima
1685 1677 1805 1747 tantu.

238 1797 345 1844 ternrn
361 1773 538 1840 Alexandri
558 1775 632 1838 Ser.
651 1778 828 1864 inscriptos
838 1775 1002 1843 ΑΒΕΩΝ
1039 1777 1175 1842 Condita
1203 1801 1222 1841 n
1245 1779 1345 1853 Care,
1372 1779 1429 1864 qui
1451 1777 1482 1842 ei
1504 1767 1625 1843 nomen
1647 1779 1807 1844 Alabandi

236 1880 356 1946 obtulit
374 1875 572 1941 Pelierinins
588 1881 623 1957 ΙΙ),
646 1877 679 1939 in
701 1879 819 1944 horum
840 1899 906 1944 nno
921 1881 1003 1941 Mer·
1038 1877 1099 1941 liiii
1127 1877 1265 1954 indidit,
1293 1899 1391 1964 quem
1424 1879 1562 1947 subinde
1583 1879 1675 1945 reiut
1696 1882 1808 1945 condi·

235 1987 361 2059 cerina,
382 1981 414 2042 in
439 1976 544 2042 altero
566 1979 687 2041 llemr’a
709 1990 809 2044 stans.
831 1979 922 2042 Ahae
942 1977 1003 2041 Cs-
1038 1993 1143 2042 torem
1173 1979 1347 2064 indigenae
1369 1983 1510 2046 sanctina
1531 1984 1687 2059 coluere,
1712 2003 1807 2068 qnam

235 2085 305 2147 riae
336 2077 483 2144 meminit
515 2077 696 2161 Stephanus
730 2099 772 2142 ex
800 2077 1001 2154 Herodiano,
1038 2088 1266 2166 quemcunque
1280 2082 1482 2146 aliumdenm
1494 2082 1750 2149 testeCicerone
1767 2086 1809 2166 α).

235 2185 373 2270 ejusque
391 2179 513 2267 gentile
531 2181 641 2244 statuit
663 2185 769 2246 Abest
782 2195 874 2244 reete
889 2197 1003 2276 secun·
1302 2187 1544 2248 Antenorei.-

239 2286 314 2350 dnm
344 2282 434 2347 numi
465 2280 677 2367 epigraphen.
722 2281 808 2345 Abas
843 2281 876 2341 ln
901 2279 1002 2362 Lycia
1083 2276 1809 2359 een.PttMH.1t0maannamseesme.

236 2385 345 2450 statuit
361 2383 482 2469 triplex
498 2381 689 2446 scholiastes
704 2379 895 2466 Sophoclis,
915 2379 1003 2442 addi·
1041 2386 1266 2458 Victoriarum,
1296 2405 1323 2445 s.
1349 2385 1483 2448 maram,
1512 2382 1537 2442 1
1560 2383 1808 2454 ΑΤΕΛεῐΑο,

237 2503 281 2562 ιο,
299 2505 372 2550 ease
387 2485 434 2547 ibi
448 2485 606 2569 templum
619 2481 778 2566 Apollinis
793 2479 837 2564 1)).
859 2483 903 2551 Vt
916 2481 1002 2546 istud
1041 2479 1197 2544 ΑΛΑΒΑ
1204 2483 1237 2546 N
1240 2478 1375 2546 ΔΕΩΝ
1378 2529 1386 2547 .
1402 2489 1487 2548 intra
1503 2491 1657 2550 lauream.
1672 2473 1808 2556 AEL'tu.

238 2609 303 2651 non
331 2587 504 2671 impugno,
532 2587 579 2650 sic
610 2598 736 2648 certum
759 2595 884 2659 tamen,
907 2605 925 2646 a
945 2587 1003 2645 So·
1039 2583 1172 2662 (Sestini
1186 2585 1320 2646 battere
1339 2587 1379 2648 Τ.
1399 2588 1453 2652 tv.
1467 2607 1500 2668 p.
1521 2587 1603 2668 arb.)

236 2682 368 2772 phocle'
385 2685 449 2748 hoc
478 2685 555 2750 loco
583 2709 649 2750 non
671 2683 812 2768 intelligi
834 2683 920 2746 Abas
941 2685 1003 2762 Ly·
1082 2682 1162 2744 Corn
1178 2681 1369 2747 rcc'abulnm
1382 2682 1805 2754 ATGAGthrerisimile

236 2791 325 2863 ciac,
357 2785 445 2873 quod
476 2788 589 2852 volunt
624 2785 660 2848 hi
690 2785 914 2868 grammatici,
944 2783 1003 2845 aed
1040 2803 1105 2845 non
1128 2781 1277 2848 rideatur
1300 2803 1373 2847 esse
1399 2806 1519 2850 nornen
1544 2790 1712 2872 proprium
1743 2813 1810 2855 me·

237 2895 329 2954 retus
344 2886 504 2972 Apollinis
519 2887 688 2952 oraculum
711 2883 798 2970 apud
817 2883 902 2948 Abas
918 2883 1004 2948 Pho·
1041 2883 1211 2968 gistratue,
1242 2882 1385 2948 dubitari
1406 2905 1471 2948 non
1493 2903 1620 2972 potent,
1645 2910 1686 2954 eo
1710 2894 1809 2976 signi·

236 2991 335 3067 cidia,
360 2991 487 3073 dequo
510 2989 585 3054 ride
609 2985 826 3070 Stephanum,
856 2999 890 3048 et
911 2999 1003 3050 notae
1039 2981 1130 3047 ficari
1157 2979 1313 3061 terassa»,
1337 3005 1393 3048 seu
1415 2989 1645 3053 immunitatem
1666 3015 1688 3054 a
1711 2997 1808 3058 tribu·

236 3091 364 3157 Pinedi.
406 3091 481 3153 Fuit
505 3093 600 3154 etiarn
624 3075 809 3152 Messeniae
831 3087 942 3164 Abea,
973 3101 1004 3150 at
1040 3089 1093 3148 tir.
1136 3087 1218 3156 Eam
1251 3107 1270 3149 a
1298 3086 1453 3150 Romania
1483 3111 1548 3153 non
1577 3111 1652 3154 raro
1674 3111 1810 3158 conces.

238 3191 435 3255 Pellcriniua
452 3187 902 3265 Cariaabosnnmosinfcrt,
927 3209 1005 3274 qno·
1042 3209 1107 3250 sam
1138 3187 1242 3252 fuisse
1271 3187 1407 3252 urbibus
1437 3189 1478 3252 dc
1503 3211 1539 3254 se
1562 3189 1646 3253 bene
1671 3197 1808 3272 meritis,

238 3295 335 3368 niam,
357 3311 390 3356 ut
421 3295 481 3366 ait,
504 3291 593 3355 nulla
615 3291 837 3376 Peloponnesi
859 3291 938 3354 urbe
960 3289 1005 3354 nl·
1041 3289 1143 3353 multa
1161 3287 1809 3380 itthistoricishabemueexempls,qno·

168 3469 171 3478 A
239 3397 318 3468 teri,
341 3415 435 3478 quarn
454 3395 585 3475 ¹Severo
609 3393 745 3476 ejusque
767 3391 920 3469 familiae,
948 3412 1006 3454 nn·
1041 3413 1115 3453 rum
1148 3393 1243 3478 plura
1273 3391 1419 3455 dabimus
1441 3395 1473 3454 in
1496 3391 1632 3454 diatriba
1655 3392 1697 3455 de
1720 3395 1808 3456 urbi-

239 3515 309 3558 mos
324 3495 498 3559 dedicarit.
520 3495 643 3557 Dicere
663 3491 838 3570 debuerat,
866 3493 936 3576 ejns
956 3513 1006 3556 ra·
1042 3492 1103 3556 bns
1132 3477 1335 3570 antoncmiff,
1364 3493 1488 3568 liberis,
1509 3493 1716 3559 immunibus.
1756 3497 1807 3559 De

241 3597 328 3660 riona
350 3601 423 3660 esse
446 3597 605 3679 exempla,
623 3615 696 3656 nam
719 3593 791 3675 ipse
807 3613 873 3657 non
885 3614 1007 3678 paucos
1044 3593 1315 3657 Alabandeneinm
1335 3596 1367 3657 in
1384 3595 1548 3658 Romanos
1570 3593 1702 3660 adfectu
1726 3611 1810 3660 etan·

239 3697 310 3759 aliis
338 3695 590 3784 imperatoribus
620 3693 743 3757 dicator
777 3695 1008 3779 promulgarit.
1044 3709 1076 3757 te
1103 3693 1209 3756 adhuc
1234 3713 1307 3778 rep.
1337 3693 1464 3778 insigne
1485 3693 1644 3758 habemus
1664 3699 1810 3764 testimo·

123 3845 128 3850 .
241 3796 306 3859 Sed
327 3811 435 3861 tamen
453 3797 504 3862 rel
522 3797 603 3860 hacc
619 3795 704 3860 ratic
724 3795 798 3860 satia
814 3817 875 3882 pro
893 3798 1007 3862 Cariae
1042 3793 1132 3857 ninm
1154 3793 1240 3858 Livii
1255 3791 1306 3880 d),
1336 3817 1409 3860 cnm
1430 3815 1554 3875 eorum
1582 3796 1684 3882 legati
1705 3800 1739 3860 in
1762 3819 1811 3863 ae·
1910 3809 1912 3812 ’

241 3897 322 3960 urbe
359 3913 498 3984 pugnat,
531 3917 569 3962 ac
596 3899 773 3983 praecipue
802 3896 856 3961 dei
883 3899 1007 3962 biensis
1043 3908 1120 3959 natu
1147 3909 1454 3972 commemorarunt,
1475 3903 1624 3978 templum
1642 3904 1731 3962 ardis
1748 3905 1810 3965 Ro·

239 3999 346 4082 imago
382 4002 416 4062 in
452 3999 556 4062 nnmis
586 3997 708 4064 Caricia
747 3997 859 4076 obvia,
897 3999 1003 4063 numia
1039 4017 1110 4062 mae
1133 4000 1321 4079 resociare,
1343 4001 1497 4082 Irrdoeqtse
1517 4005 1756 4064 remearent-ior
1777 4009 1811 4067 ei

242 4099 421 4184 Europaeis
436 4101 557 4184 ignota.
1039 4105 1135 4163 divae
1152 4101 1330 4162 instituisse
1345 4109 1403 4162 etc.
1428 4099 1567 4180 Propter
1590 4099 1672 4162 haec
1693 4119 1807 4165 eornm
1848 4121 1851 4128 ’

240 4205 310 4268 Art.
333 4205 454 4268 ΜΒΝ.
636 4261 637 4267 ,
784 4261 787 4266 ,
828 4229 830 4232 ·
1040 4201 1157 4264 merita
1175 4199 1353 4266 verisimile
1370 4199 1623 4282 cstpermisssm
1640 4201 1680 4263 iia
1695 4199 1811 4264 immu-

253 4581 284 4651 ἃ)
307 4581 329 4637 L
353 4489 625 4638 'Jileilpm'ffl'P‘
646 4497 788 4558 tte-134.
839 4489 872 4563 ¹³)
891 4489 1069 4565 Ad'Oedip.
1088 4502 1145 4564 tyr.
1163 4508 1192 4547 v·
1212 4495 1276 4554 918·
1328 4489 1356 4561 ο)
1375 4489 1418 4550 De
1437 4500 1496 4548 nat.
1516 4485 1596 4550 decr.
1614 4499 1701 4556 001⁵·
1717 4504 1747 4550 et
1763 4487 1839 4554 19.x

332 4623 338 4638 .
451 4600 502 4638 .c.
521 4588 547 4642 6.

1389 4735 1390 4740 ,
1444 4675 1607 4756 cccco
