<?xml version="1.0" encoding="UTF-8"?>
<!DOCTYPE html PUBLIC "-//W3C//DTD XHTML 1.0 Transitional//EN"
    "http://www.w3.org/TR/xhtml1/DTD/xhtml1-transitional.dtd">
<html xmlns="http://www.w3.org/1999/xhtml" xml:lang="en" lang="en">
 <head>
  <title>
</title>
<meta http-equiv="Content-Type" content="text/html;charset=utf-8" />
  <meta name='ocr-system' content='tesseract 3.04.00' />
  <meta name='ocr-capabilities' content='ocr_page ocr_carea ocr_par ocr_line ocrx_word'/>
</head>
<body>
  <div class='ocr_page' id='page_1' title='image "./doctrinanumorum00millgoog_0221.png"; bbox 0 0 4232 5488; ppageno 0'>
   <div class='ocr_carea' id='block_1_1' title="bbox 231 7 1559 124">
    <p class='ocr_par' dir='ltr' id='par_1_1' title="bbox 231 7 1559 124">
     <span class='ocr_line' id='line_1_1' title="bbox 231 7 1559 124; baseline -0.061 -14"><span class='ocrx_word' id='word_1_1' title='bbox 231 93 287 113; x_wconf 50' lang='lat' dir='ltr'><strong>...a</strong></span> <span class='ocrx_word' id='word_1_2' title='bbox 333 79 393 124; x_wconf 58' lang='grc' dir='ltr'><strong>ην.</strong></span> <span class='ocrx_word' id='word_1_3' title='bbox 409 31 1037 113; x_wconf 49' lang='lat' dir='ltr'><strong>anammafflwa</strong></span> <span class='ocrx_word' id='word_1_4' title='bbox 1083 7 1559 58; x_wconf 43' lang='lat' dir='ltr'><strong>W...</strong></span> 
     </span>
    </p>
   </div>
   <div class='ocr_carea' id='block_1_2' title="bbox 348 555 1298 642">
    <p class='ocr_par' dir='ltr' id='par_1_2' title="bbox 348 555 1298 642">
     <span class='ocr_line' id='line_1_2' title="bbox 348 555 1298 642; baseline -0.016 1"><span class='ocrx_word' id='word_1_5' title='bbox 348 576 419 642; x_wconf 69' lang='lat'><strong>208</strong></span> <span class='ocrx_word' id='word_1_6' title='bbox 731 610 733 622; x_wconf 85' lang='lat'>·</span> <span class='ocrx_word' id='word_1_7' title='bbox 860 555 1298 628; x_wconf 84' lang='lat' dir='ltr'><strong>A&#39;TTICA.</strong></span> 
     </span>
    </p>
   </div>
   <div class='ocr_carea' id='block_1_3' title="bbox 227 725 1986 4361">
    <p class='ocr_par' dir='ltr' id='par_1_3' title="bbox 227 725 1986 4361">
     <span class='ocr_line' id='line_1_3' title="bbox 350 725 1921 814; baseline 0.001 -21"><span class='ocrx_word' id='word_1_8' title='bbox 350 745 446 794; x_wconf 87' lang='lat' dir='ltr'><strong>netae</strong></span> <span class='ocrx_word' id='word_1_9' title='bbox 479 725 603 790; x_wconf 75' lang='lat' dir='ltr'><strong>Atticae</strong></span> <span class='ocrx_word' id='word_1_10' title='bbox 632 740 808 812; x_wconf 77' lang='lat' dir='ltr'><strong>argenteae</strong></span> <span class='ocrx_word' id='word_1_11' title='bbox 832 725 1015 810; x_wconf 78' lang='lat' dir='ltr'><strong>suppeditat</strong></span> <span class='ocrx_word' id='word_1_12' title='bbox 1042 726 1119 788; x_wconf 86' lang='lat' dir='ltr'><strong>Pol·</strong></span> <span class='ocrx_word' id='word_1_13' title='bbox 1154 727 1277 792; x_wconf 73' lang='lat' dir='ltr'><strong>Verum</strong></span> <span class='ocrx_word' id='word_1_14' title='bbox 1310 725 1349 788; x_wconf 89' lang='lat' dir='ltr'><strong>ah</strong></span> <span class='ocrx_word' id='word_1_15' title='bbox 1380 725 1528 814; x_wconf 74' lang='lat' dir='ltr'><strong>utrinque</strong></span> <span class='ocrx_word' id='word_1_16' title='bbox 1550 729 1635 794; x_wconf 84' lang='lat' dir='ltr'><strong>male</strong></span> <span class='ocrx_word' id='word_1_17' title='bbox 1662 730 1797 796; x_wconf 78' lang='lat' dir='ltr'><strong>defensa</strong></span> <span class='ocrx_word' id='word_1_18' title='bbox 1817 753 1921 808; x_wconf 80' lang='lat' dir='ltr'><strong>cauea,</strong></span> 
     </span>
     <span class='ocr_line' id='line_1_4' title="bbox 349 826 1986 914; baseline 0.001 -20"><span class='ocrx_word' id='word_1_19' title='bbox 349 834 416 906; x_wconf 86' lang='lat' dir='ltr'><strong>lux,</strong></span> <span class='ocrx_word' id='word_1_20' title='bbox 441 849 560 912; x_wconf 88' lang='lat' dir='ltr'><strong>nempe</strong></span> <span class='ocrx_word' id='word_1_21' title='bbox 574 829 823 901; x_wconf 82' lang='lat' dir='ltr'><strong>tetradrnchmu,</strong></span> <span class='ocrx_word' id='word_1_22' title='bbox 850 828 1048 898; x_wconf 86' lang='lat' dir='ltr'><strong>didrachma,</strong></span> <span class='ocrx_word' id='word_1_23' title='bbox 1073 841 1117 890; x_wconf 89' lang='lat' dir='ltr'><strong>te·</strong></span> <span class='ocrx_word' id='word_1_24' title='bbox 1153 829 1226 910; x_wconf 87' lang='lat' dir='ltr'><strong>quia</strong></span> <span class='ocrx_word' id='word_1_25' title='bbox 1257 826 1387 888; x_wconf 90' lang='lat' dir='ltr'><strong>modum</strong></span> <span class='ocrx_word' id='word_1_26' title='bbox 1414 845 1582 914; x_wconf 83' lang='lat' dir='ltr'><strong>peccatum</strong></span> <span class='ocrx_word' id='word_1_27' title='bbox 1615 835 1767 897; x_wconf 77' lang='lat' dir='ltr'><strong>excernit.</strong></span> <span class='ocrx_word' id='word_1_28' title='bbox 1816 835 1922 900; x_wconf 88' lang='lat' dir='ltr'><strong>Dena-</strong></span> <span class='ocrx_word' id='word_1_29' title='bbox 1978 834 1986 848; x_wconf 90' lang='grc'><em>“</em></span> 
     </span>
     <span class='ocr_line' id='line_1_5' title="bbox 351 927 1924 1018; baseline 0.001 -23"><span class='ocrx_word' id='word_1_30' title='bbox 351 932 499 1004; x_wconf 85' lang='lat' dir='ltr'><strong>trobola,</strong></span> <span class='ocrx_word' id='word_1_31' title='bbox 528 930 686 1006; x_wconf 83' lang='lat' dir='ltr'><strong>trioboia,</strong></span> <span class='ocrx_word' id='word_1_32' title='bbox 719 928 869 1000; x_wconf 88' lang='lat' dir='ltr'><strong>dioboln,</strong></span> <span class='ocrx_word' id='word_1_33' title='bbox 907 927 1040 1000; x_wconf 81' lang='lat' dir='ltr'><strong>obolos,</strong></span> <span class='ocrx_word' id='word_1_34' title='bbox 1069 949 1117 991; x_wconf 86' lang='lat' dir='ltr'><strong>ae·</strong></span> <span class='ocrx_word' id='word_1_35' title='bbox 1153 931 1236 988; x_wconf 89' lang='lat' dir='ltr'><strong>rium</strong></span> <span class='ocrx_word' id='word_1_36' title='bbox 1264 941 1330 990; x_wconf 88' lang='lat' dir='ltr'><strong>tum</strong></span> <span class='ocrx_word' id='word_1_37' title='bbox 1357 931 1520 1016; x_wconf 79' lang='lat' dir='ltr'><strong>(intelligo</strong></span> <span class='ocrx_word' id='word_1_38' title='bbox 1544 935 1683 1018; x_wconf 82' lang='lat' dir='ltr'><strong>Augusti</strong></span> <span class='ocrx_word' id='word_1_39' title='bbox 1714 939 1844 1012; x_wconf 82' lang='lat' dir='ltr'><strong>aevum)</strong></span> <span class='ocrx_word' id='word_1_40' title='bbox 1870 936 1924 998; x_wconf 84' lang='lat' dir='ltr'><strong>ad·</strong></span> 
     </span>
     <span class='ocr_line' id='line_1_6' title="bbox 351 1025 1924 1121; baseline 0 -23"><span class='ocrx_word' id='word_1_41' title='bbox 351 1033 524 1098; x_wconf 88' lang='lat' dir='ltr'><strong>mioboloa.</strong></span> <span class='ocrx_word' id='word_1_42' title='bbox 557 1035 683 1093; x_wconf 88' lang='lat' dir='ltr'><strong>Horum</strong></span> <span class='ocrx_word' id='word_1_43' title='bbox 708 1031 847 1091; x_wconf 86' lang='lat' dir='ltr'><strong>tabulam</strong></span> <span class='ocrx_word' id='word_1_44' title='bbox 862 1031 1046 1112; x_wconf 86' lang='lat' dir='ltr'><strong>ponderum</strong></span> <span class='ocrx_word' id='word_1_45' title='bbox 1063 1025 1124 1093; x_wconf 56' lang='lat' dir='ltr'><strong>de?</strong></span> <span class='ocrx_word' id='word_1_46' title='bbox 1153 1029 1304 1110; x_wconf 78' lang='lat' dir='ltr'><strong>pendisse</strong></span> <span class='ocrx_word' id='word_1_47' title='bbox 1342 1031 1527 1094; x_wconf 83' lang='lat' dir='ltr'><strong>drachmam</strong></span> <span class='ocrx_word' id='word_1_48' title='bbox 1559 1055 1632 1096; x_wconf 90' lang='lat' dir='ltr'><strong>cum</strong></span> <span class='ocrx_word' id='word_1_49' title='bbox 1664 1037 1802 1110; x_wconf 76' lang='lat' dir='ltr'><strong>triente,</strong></span> <span class='ocrx_word' id='word_1_50' title='bbox 1835 1037 1924 1121; x_wconf 85' lang='lat' dir='ltr'><strong>quod</strong></span> 
     </span>
     <span class='ocr_line' id='line_1_7' title="bbox 349 1130 1925 1218; baseline 0.001 -21"><span class='ocrx_word' id='word_1_51' title='bbox 349 1135 397 1198; x_wconf 90' lang='lat' dir='ltr'><strong>dit</strong></span> <span class='ocrx_word' id='word_1_52' title='bbox 418 1130 637 1213; x_wconf 72' lang='lat' dir='ltr'><strong>Haymiusb),</strong></span> <span class='ocrx_word' id='word_1_53' title='bbox 661 1132 788 1216; x_wconf 82' lang='lat' dir='ltr'><strong>pondua</strong></span> <span class='ocrx_word' id='word_1_54' title='bbox 815 1151 892 1192; x_wconf 86' lang='lat' dir='ltr'><strong>vero</strong></span> <span class='ocrx_word' id='word_1_55' title='bbox 915 1130 1117 1212; x_wconf 76' lang='lat' dir='ltr'><strong>cingulorum</strong></span> <span class='ocrx_word' id='word_1_56' title='bbox 1157 1151 1195 1192; x_wconf 88' lang='lat' dir='ltr'><strong>ex</strong></span> <span class='ocrx_word' id='word_1_57' title='bbox 1229 1132 1291 1194; x_wconf 92' lang='lat' dir='ltr'><strong>hoc</strong></span> <span class='ocrx_word' id='word_1_58' title='bbox 1323 1133 1397 1196; x_wconf 89' lang='lat' dir='ltr'><strong>loco</strong></span> <span class='ocrx_word' id='word_1_59' title='bbox 1420 1133 1603 1218; x_wconf 81' lang='lat' dir='ltr'><strong>collegerat</strong></span> <span class='ocrx_word' id='word_1_60' title='bbox 1624 1138 1830 1211; x_wconf 71' lang='lat' dir='ltr'>Priscianus,</span> <span class='ocrx_word' id='word_1_61' title='bbox 1853 1155 1925 1198; x_wconf 88' lang='lat' dir='ltr'><strong>cer-</strong></span> 
     </span>
     <span class='ocr_line' id='line_1_8' title="bbox 348 1234 1925 1320; baseline 0.003 -25"><span class='ocrx_word' id='word_1_62' title='bbox 348 1234 1120 1315; x_wconf 79' lang='lat' dir='ltr'><strong>numururnincatologoHunteriaccurateha·</strong></span> <span class='ocrx_word' id='word_1_63' title='bbox 1155 1247 1206 1292; x_wconf 86' lang='lat' dir='ltr'><strong>tae</strong></span> <span class='ocrx_word' id='word_1_64' title='bbox 1251 1237 1473 1318; x_wconf 73' lang='lat' dir='ltr'><strong>experientiae</strong></span> <span class='ocrx_word' id='word_1_65' title='bbox 1517 1257 1558 1298; x_wconf 87' lang='lat' dir='ltr'><strong>ex</strong></span> <span class='ocrx_word' id='word_1_66' title='bbox 1603 1237 1672 1320; x_wconf 79' lang='lat' dir='ltr'><strong>ejus</strong></span> <span class='ocrx_word' id='word_1_67' title='bbox 1713 1238 1925 1300; x_wconf 83' lang='lat' dir='ltr'><strong>aetatie&#39;nu·</strong></span> 
     </span>
     <span class='ocr_line' id='line_1_9' title="bbox 351 1317 1926 1421; baseline 0 -20"><span class='ocrx_word' id='word_1_68' title='bbox 351 1317 624 1412; x_wconf 77' lang='lat' dir='ltr'><strong>herindicatum,</strong></span> <span class='ocrx_word' id='word_1_69' title='bbox 648 1337 828 1420; x_wconf 83' lang='lat' dir='ltr'><strong>quodcum</strong></span> <span class='ocrx_word' id='word_1_70' title='bbox 845 1337 1031 1416; x_wconf 80' lang='lat' dir='ltr'><strong>Haymianiu</strong></span> <span class='ocrx_word' id='word_1_71' title='bbox 1055 1335 1119 1396; x_wconf 84' lang='lat' dir='ltr'><strong>cal·</strong></span> <span class='ocrx_word' id='word_1_72' title='bbox 1156 1333 1216 1396; x_wconf 85' lang='lat' dir='ltr'><strong>mia</strong></span> <span class='ocrx_word' id='word_1_73' title='bbox 1254 1351 1365 1421; x_wconf 79' lang='lat' dir='ltr'><strong>captae</strong></span> <span class='ocrx_word' id='word_1_74' title='bbox 1394 1351 1564 1421; x_wconf 81' lang='lat' dir='ltr'><strong>repugnat.</strong></span> <span class='ocrx_word' id='word_1_75' title='bbox 1609 1341 1707 1412; x_wconf 86' lang='lat' dir='ltr'><strong>Eato,</strong></span> <span class='ocrx_word' id='word_1_76' title='bbox 1738 1339 1845 1401; x_wconf 84' lang='lat' dir='ltr'><strong>locum</strong></span> <span class='ocrx_word' id='word_1_77' title='bbox 1876 1341 1926 1402; x_wconf 89' lang='lat' dir='ltr'><strong>lu-</strong></span> 
     </span>
     <span class='ocr_line' id='line_1_10' title="bbox 349 1433 1926 1527; baseline 0.002 -25"><span class='ocrx_word' id='word_1_78' title='bbox 349 1439 432 1502; x_wconf 83' lang='lat' dir='ltr'><strong>cuiia</strong></span> <span class='ocrx_word' id='word_1_79' title='bbox 454 1440 573 1502; x_wconf 81' lang='lat' dir='ltr'><strong>eximie</strong></span> <span class='ocrx_word' id='word_1_80' title='bbox 599 1439 774 1521; x_wconf 83' lang='lat' dir='ltr'><strong>conapirat.</strong></span> <span class='ocrx_word' id='word_1_81' title='bbox 818 1433 904 1526; x_wconf 85' lang='lat' dir='ltr'><strong>Quin</strong></span> <span class='ocrx_word' id='word_1_82' title='bbox 930 1452 1057 1498; x_wconf 81' lang='lat' dir='ltr'><strong>exstant</strong></span> <span class='ocrx_word' id='word_1_83' title='bbox 1085 1433 1116 1495; x_wconf 91' lang='lat' dir='ltr'><strong>in</strong></span> <span class='ocrx_word' id='word_1_84' title='bbox 1155 1452 1282 1512; x_wconf 85' lang='lat' dir='ltr'><strong>xatutu,</strong></span> <span class='ocrx_word' id='word_1_85' title='bbox 1324 1439 1386 1501; x_wconf 82' lang='lat' dir='ltr'><strong>etei</strong></span> <span class='ocrx_word' id='word_1_86' title='bbox 1424 1441 1457 1499; x_wconf 90' lang='lat' dir='ltr'><strong>in</strong></span> <span class='ocrx_word' id='word_1_87' title='bbox 1493 1437 1597 1500; x_wconf 82' lang='lat' dir='ltr'><strong>rerho</strong></span> <span class='ocrx_word' id='word_1_88' title='bbox 1632 1444 1730 1501; x_wconf 78' lang='lat' dir='ltr'><strong>trium</strong></span> <span class='ocrx_word' id='word_1_89' title='bbox 1764 1461 1830 1503; x_wconf 92' lang='lat' dir='ltr'><strong>non</strong></span> <span class='ocrx_word' id='word_1_90' title='bbox 1871 1464 1926 1527; x_wconf 92' lang='lat' dir='ltr'><strong>ap·</strong></span> 
     </span>
     <span class='ocr_line' id='line_1_11' title="bbox 350 1535 1926 1620; baseline 0 -17"><span class='ocrx_word' id='word_1_91' title='bbox 350 1561 464 1604; x_wconf 83' lang='lat' dir='ltr'><strong>museo</strong></span> <span class='ocrx_word' id='word_1_92' title='bbox 494 1543 673 1616; x_wconf 84' lang='lat' dir='ltr'><strong>Caeenreo,</strong></span> <span class='ocrx_word' id='word_1_93' title='bbox 693 1539 930 1612; x_wconf 86' lang='lat' dir='ltr'><strong>-Hunteriano,</strong></span> <span class='ocrx_word' id='word_1_94' title='bbox 968 1553 1001 1597; x_wconf 88' lang='lat' dir='ltr'><strong>et</strong></span> <span class='ocrx_word' id='word_1_95' title='bbox 1039 1535 1117 1598; x_wconf 84' lang='lat' dir='ltr'><strong>alibi</strong></span> <span class='ocrx_word' id='word_1_96' title='bbox 1153 1554 1265 1620; x_wconf 87' lang='lat' dir='ltr'><strong>pareat</strong></span> <span class='ocrx_word' id='word_1_97' title='bbox 1293 1539 1459 1600; x_wconf 84' lang='lat' dir='ltr'><strong>diaaenaus</strong></span> <span class='ocrx_word' id='word_1_98' title='bbox 1490 1537 1659 1613; x_wconf 90' lang='lat' dir='ltr'><strong>codicum,</strong></span> <span class='ocrx_word' id='word_1_99' title='bbox 1692 1543 1850 1605; x_wconf 78' lang='lat' dir='ltr'><strong>ctianon</strong></span> <span class='ocrx_word' id='word_1_100' title='bbox 1870 1545 1926 1606; x_wconf 82' lang='lat' dir='ltr'><strong>ati-</strong></span> 
     </span>
     <span class='ocr_line' id='line_1_12' title="bbox 349 1637 1926 1725; baseline 0.001 -19"><span class='ocrx_word' id='word_1_101' title='bbox 349 1644 494 1718; x_wconf 89' lang='lat' dir='ltr'><strong>numoli,</strong></span> <span class='ocrx_word' id='word_1_102' title='bbox 517 1643 572 1725; x_wconf 91' lang='lat' dir='ltr'><strong>qui</strong></span> <span class='ocrx_word' id='word_1_103' title='bbox 594 1655 668 1703; x_wconf 88' lang='lat' dir='ltr'><strong>aunt</strong></span> <span class='ocrx_word' id='word_1_104' title='bbox 690 1639 946 1702; x_wconf 80' lang='lat' dir='ltr'><strong>semiobolorum</strong></span> <span class='ocrx_word' id='word_1_105' title='bbox 980 1637 1118 1710; x_wconf 89' lang='lat' dir='ltr'><strong>dimidii,</strong></span> <span class='ocrx_word' id='word_1_106' title='bbox 1154 1655 1206 1701; x_wconf 91' lang='lat' dir='ltr'><strong>ter</strong></span> <span class='ocrx_word' id='word_1_107' title='bbox 1236 1642 1365 1724; x_wconf 82' lang='lat' dir='ltr'><strong>legatur</strong></span> <span class='ocrx_word' id='word_1_108' title='bbox 1393 1639 1478 1723; x_wconf 92' lang='lat' dir='ltr'><strong>apud</strong></span> <span class='ocrx_word' id='word_1_109' title='bbox 1509 1639 1778 1721; x_wconf 67' lang='lat' dir='ltr'><strong>Priscianumt).</strong></span> <span class='ocrx_word' id='word_1_110' title='bbox 1810 1645 1870 1707; x_wconf 83' lang='lat' dir='ltr'><strong>sed</strong></span> <span class='ocrx_word' id='word_1_111' title='bbox 1893 1660 1926 1713; x_wconf 86' lang='lat' dir='ltr'><strong>et</strong></span> 
     </span>
     <span class='ocr_line' id='line_1_13' title="bbox 323 1739 1926 1840; baseline -0.002 -29"><span class='ocrx_word' id='word_1_112' title='bbox 323 1768 408 1840; x_wconf 69' lang='lat' dir='ltr'><strong>¹eeu</strong></span> <span class='ocrx_word' id='word_1_113' title='bbox 424 1746 479 1830; x_wconf 92' lang='lat' dir='ltr'><strong>qui</strong></span> <span class='ocrx_word' id='word_1_114' title='bbox 495 1755 641 1828; x_wconf 87' lang='lat' dir='ltr'><strong>quartam</strong></span> <span class='ocrx_word' id='word_1_115' title='bbox 657 1741 747 1806; x_wconf 86' lang='lat' dir='ltr'><strong>oboli</strong></span> <span class='ocrx_word' id='word_1_116' title='bbox 764 1755 888 1826; x_wconf 86' lang='lat' dir='ltr'><strong>partem</strong></span> <span class='ocrx_word' id='word_1_117' title='bbox 907 1739 1116 1814; x_wconf 79' lang='lat' dir='ltr'><strong>constituunt,</strong></span> <span class='ocrx_word' id='word_1_118' title='bbox 1156 1757 1222 1802; x_wconf 90' lang='lat' dir='ltr'><strong>tum</strong></span> <span class='ocrx_word' id='word_1_119' title='bbox 1264 1741 1366 1824; x_wconf 92' lang='lat' dir='ltr'><strong>major</strong></span> <span class='ocrx_word' id='word_1_120' title='bbox 1407 1761 1580 1816; x_wconf 85' lang='lat' dir='ltr'><strong>exceaaua,</strong></span> <span class='ocrx_word' id='word_1_121' title='bbox 1611 1764 1705 1827; x_wconf 88' lang='lat' dir='ltr'><strong>quarn</strong></span> <span class='ocrx_word' id='word_1_122' title='bbox 1738 1747 1793 1830; x_wconf 91' lang='lat' dir='ltr'><strong>qui</strong></span> <span class='ocrx_word' id='word_1_123' title='bbox 1824 1747 1926 1810; x_wconf 86' lang='lat' dir='ltr'><strong>hiato·</strong></span> 
     </span>
     <span class='ocr_line' id='line_1_14' title="bbox 349 1841 1927 1926; baseline -0.001 -14"><span class='ocrx_word' id='word_1_124' title='bbox 349 1841 955 1926; x_wconf 80' lang='lat' dir='ltr'><strong>duonimirumgranaadpendentes,</strong></span> <span class='ocrx_word' id='word_1_125' title='bbox 978 1864 1116 1926; x_wconf 89' lang='lat' dir='ltr'><strong>quorum</strong></span> <span class='ocrx_word' id='word_1_126' title='bbox 1154 1845 1257 1904; x_wconf 90' lang='lat' dir='ltr'><strong>riuum</strong></span> <span class='ocrx_word' id='word_1_127' title='bbox 1295 1843 1483 1904; x_wconf 85' lang='lat' dir='ltr'><strong>adcurutum</strong></span> <span class='ocrx_word' id='word_1_128' title='bbox 1511 1844 1628 1926; x_wconf 80' lang='lat' dir='ltr'><strong>sugere</strong></span> <span class='ocrx_word' id='word_1_129' title='bbox 1659 1846 1828 1912; x_wconf 87' lang='lat' dir='ltr'><strong>debuerat.</strong></span> <span class='ocrx_word' id='word_1_130' title='bbox 1867 1849 1927 1912; x_wconf 85' lang='lat' dir='ltr'><strong>Se·</strong></span> 
     </span>
     <span class='ocr_line' id='line_1_15' title="bbox 348 1943 1923 2022; baseline 0 -12"><span class='ocrx_word' id='word_1_131' title='bbox 348 1969 415 2012; x_wconf 91' lang='lat' dir='ltr'><strong>non</strong></span> <span class='ocrx_word' id='word_1_132' title='bbox 442 1945 758 2022; x_wconf 18' lang='lat' dir='ltr'><strong>mominitvPollux,</strong></span> <span class='ocrx_word' id='word_1_133' title='bbox 793 1960 826 2007; x_wconf 92' lang='lat' dir='ltr'><strong>et</strong></span> <span class='ocrx_word' id='word_1_134' title='bbox 858 1946 1023 2006; x_wconf 86' lang='lat' dir='ltr'><strong>tamenin</strong></span> <span class='ocrx_word' id='word_1_135' title='bbox 1062 1943 1120 2002; x_wconf 92' lang='lat' dir='ltr'><strong>mi·</strong></span> <span class='ocrx_word' id='word_1_136' title='bbox 1154 1945 1294 2004; x_wconf 90' lang='lat' dir='ltr'><strong>cundum</strong></span> <span class='ocrx_word' id='word_1_137' title='bbox 1341 1943 1508 2004; x_wconf 88' lang='lat' dir='ltr'><strong>oraculum</strong></span> <span class='ocrx_word' id='word_1_138' title='bbox 1539 1946 1643 2020; x_wconf 80' lang='lat' dir='ltr'><strong>Livii,</strong></span> <span class='ocrx_word' id='word_1_139' title='bbox 1679 1948 1706 2009; x_wconf 84' lang='lat' dir='ltr'><strong>ai</strong></span> <span class='ocrx_word' id='word_1_140' title='bbox 1748 1947 1923 2010; x_wconf 85' lang='lat' dir='ltr'><strong>lectionem</strong></span> 
     </span>
     <span class='ocr_line' id='line_1_16' title="bbox 349 2035 1925 2132; baseline 0.001 -22"><span class='ocrx_word' id='word_1_141' title='bbox 349 2035 520 2114; x_wconf 83' lang='lat' dir='ltr'><strong>nutiaoimo</strong></span> <span class='ocrx_word' id='word_1_142' title='bbox 559 2044 723 2110; x_wconf 87' lang='lat' dir='ltr'><strong>volumine</strong></span> <span class='ocrx_word' id='word_1_143' title='bbox 759 2046 945 2107; x_wconf 76' lang='lat' dir='ltr'><strong>luculentos</strong></span> <span class='ocrx_word' id='word_1_144' title='bbox 974 2043 1117 2106; x_wconf 83' lang='lat' dir='ltr'><strong>offerunt</strong></span> <span class='ocrx_word' id='word_1_145' title='bbox 1154 2056 1291 2128; x_wconf 75' lang='lat' dir='ltr'><strong>quatuor</strong></span> <span class='ocrx_word' id='word_1_146' title='bbox 1307 2048 1381 2125; x_wconf 78' lang='lat' dir='ltr'><strong>fere</strong></span> <span class='ocrx_word' id='word_1_147' title='bbox 1403 2049 1606 2108; x_wconf 74' lang='lat' dir='ltr'><strong>denariorum</strong></span> <span class='ocrx_word' id='word_1_148' title='bbox 1629 2049 1843 2132; x_wconf 82' lang='lat' dir='ltr'><strong>recipiamus,</strong></span> <span class='ocrx_word' id='word_1_149' title='bbox 1865 2072 1925 2112; x_wconf 87' lang='lat' dir='ltr'><strong>nu·</strong></span> 
     </span>
     <span class='ocr_line' id='line_1_17' title="bbox 350 2145 1925 2236; baseline 0 -25"><span class='ocrx_word' id='word_1_150' title='bbox 350 2169 444 2235; x_wconf 79' lang='lat' dir='ltr'><strong>typoa</strong></span> <span class='ocrx_word' id='word_1_151' title='bbox 488 2148 630 2223; x_wconf 78' lang='lat' dir='ltr'><strong>Atticos,</strong></span> <span class='ocrx_word' id='word_1_152' title='bbox 669 2160 702 2209; x_wconf 87' lang='lat' dir='ltr'><strong>et</strong></span> <span class='ocrx_word' id='word_1_153' title='bbox 736 2147 998 2228; x_wconf 70' lang='lat' dir='ltr'><strong>inscriptionem,</strong></span> <span class='ocrx_word' id='word_1_154' title='bbox 1036 2165 1118 2228; x_wconf 89' lang='lat' dir='ltr'><strong>quos</strong></span> <span class='ocrx_word' id='word_1_155' title='bbox 1154 2169 1224 2208; x_wconf 80' lang='lat' dir='ltr'><strong>ntus</strong></span> <span class='ocrx_word' id='word_1_156' title='bbox 1255 2145 1381 2207; x_wconf 84' lang='lat' dir='ltr'><strong>Atticae</strong></span> <span class='ocrx_word' id='word_1_157' title='bbox 1414 2148 1672 2217; x_wconf 80' lang='lat' dir='ltr'><strong>tetradrachmua</strong></span> <span class='ocrx_word' id='word_1_158' title='bbox 1710 2171 1751 2212; x_wconf 91' lang='lat' dir='ltr'><strong>ne</strong></span> <span class='ocrx_word' id='word_1_159' title='bbox 1785 2165 1925 2236; x_wconf 85' lang='lat' dir='ltr'><strong>quatuor</strong></span> 
     </span>
     <span class='ocr_line' id='line_1_18' title="bbox 349 2245 1924 2334; baseline 0 -20"><span class='ocrx_word' id='word_1_160' title='bbox 349 2271 416 2314; x_wconf 89' lang='lat' dir='ltr'><strong>non</strong></span> <span class='ocrx_word' id='word_1_161' title='bbox 438 2253 542 2333; x_wconf 82' lang='lat' dir='ltr'><strong>magia</strong></span> <span class='ocrx_word' id='word_1_162' title='bbox 565 2247 686 2311; x_wconf 89' lang='lat' dir='ltr'><strong>mirere</strong></span> <span class='ocrx_word' id='word_1_163' title='bbox 703 2246 736 2308; x_wconf 92' lang='lat' dir='ltr'><strong>iu</strong></span> <span class='ocrx_word' id='word_1_164' title='bbox 758 2247 916 2331; x_wconf 86' lang='lat' dir='ltr'><strong>pecuniae</strong></span> <span class='ocrx_word' id='word_1_165' title='bbox 941 2268 1033 2308; x_wconf 81' lang='lat' dir='ltr'><strong>unum</strong></span> <span class='ocrx_word' id='word_1_166' title='bbox 1061 2268 1118 2329; x_wconf 87' lang='lat' dir='ltr'><strong>po·</strong></span> <span class='ocrx_word' id='word_1_167' title='bbox 1156 2247 1288 2329; x_wconf 90' lang='lat' dir='ltr'><strong>quidem</strong></span> <span class='ocrx_word' id='word_1_168' title='bbox 1314 2245 1464 2308; x_wconf 75' lang='lat' dir='ltr'><strong>denarios</strong></span> <span class='ocrx_word' id='word_1_169' title='bbox 1491 2251 1588 2328; x_wconf 85' lang='lat' dir='ltr'><strong>piene</strong></span> <span class='ocrx_word' id='word_1_170' title='bbox 1612 2249 1777 2334; x_wconf 78' lang='lat' dir='ltr'><strong>adpendit.</strong></span> <span class='ocrx_word' id='word_1_171' title='bbox 1799 2255 1924 2318; x_wconf 84' lang='lat' dir='ltr'><strong>Verum</strong></span> 
     </span>
     <span class='ocr_line' id='line_1_19' title="bbox 348 2347 1925 2434; baseline -0.002 -15"><span class='ocrx_word' id='word_1_172' title='bbox 348 2353 451 2418; x_wconf 76' lang='lat' dir='ltr'><strong>tuine</strong></span> <span class='ocrx_word' id='word_1_173' title='bbox 481 2353 623 2427; x_wconf 82' lang='lat' dir='ltr'><strong>nervire,</strong></span> <span class='ocrx_word' id='word_1_174' title='bbox 653 2371 747 2434; x_wconf 89' lang='lat' dir='ltr'><strong>quam</strong></span> <span class='ocrx_word' id='word_1_175' title='bbox 778 2349 817 2410; x_wconf 89' lang='lat' dir='ltr'><strong>ad</strong></span> <span class='ocrx_word' id='word_1_176' title='bbox 847 2363 989 2410; x_wconf 81' lang='lat' dir='ltr'><strong>nostram</strong></span> <span class='ocrx_word' id='word_1_177' title='bbox 1013 2367 1117 2431; x_wconf 81' lang='lat' dir='ltr'><strong>utque</strong></span> <span class='ocrx_word' id='word_1_178' title='bbox 1154 2347 1301 2410; x_wconf 76' lang='lat' dir='ltr'><strong>instituto</strong></span> <span class='ocrx_word' id='word_1_179' title='bbox 1340 2350 1489 2410; x_wconf 84' lang='lat' dir='ltr'><strong>examine</strong></span> <span class='ocrx_word' id='word_1_180' title='bbox 1519 2371 1593 2414; x_wconf 86' lang='lat' dir='ltr'><strong>cum</strong></span> <span class='ocrx_word' id='word_1_181' title='bbox 1624 2350 1847 2434; x_wconf 82' lang='lat' dir='ltr'><strong>integerrimia</strong></span> <span class='ocrx_word' id='word_1_182' title='bbox 1878 2365 1925 2416; x_wconf 90' lang='lat' dir='ltr'><strong>te·</strong></span> 
     </span>
     <span class='ocr_line' id='line_1_20' title="bbox 348 2449 1924 2537; baseline -0.005 -15"><span class='ocrx_word' id='word_1_183' title='bbox 348 2467 488 2522; x_wconf 74' lang='lat' dir='ltr'><strong>aetatem</strong></span> <span class='ocrx_word' id='word_1_184' title='bbox 518 2453 704 2537; x_wconf 86' lang='lat' dir='ltr'><strong>pervenire.</strong></span> <span class='ocrx_word' id='word_1_185' title='bbox 733 2450 824 2512; x_wconf 85' lang='lat' dir='ltr'><strong>Haec</strong></span> <span class='ocrx_word' id='word_1_186' title='bbox 847 2463 995 2512; x_wconf 86' lang='lat' dir='ltr'><strong>monetae</strong></span> <span class='ocrx_word' id='word_1_187' title='bbox 1018 2449 1118 2512; x_wconf 87' lang='lat' dir='ltr'><strong>Atho·</strong></span> <span class='ocrx_word' id='word_1_188' title='bbox 1155 2449 1366 2514; x_wconf 83' lang='lat' dir='ltr'><strong>tradraehmia</strong></span> <span class='ocrx_word' id='word_1_189' title='bbox 1403 2449 1521 2512; x_wconf 70' lang='lat' dir='ltr'><strong>Atticis</strong></span> <span class='ocrx_word' id='word_1_190' title='bbox 1560 2451 1664 2518; x_wconf 79' lang='lat' dir='ltr'><strong>marei</strong></span> <span class='ocrx_word' id='word_1_191' title='bbox 1701 2455 1853 2516; x_wconf 75' lang='lat' dir='ltr'><strong>Caesarei</strong></span> <span class='ocrx_word' id='word_1_192' title='bbox 1891 2467 1924 2518; x_wconf 87' lang='lat' dir='ltr'><strong>et</strong></span> 
     </span>
     <span class='ocr_line' id='line_1_21' title="bbox 348 2538 1925 2641; baseline -0.003 -19"><span class='ocrx_word' id='word_1_193' title='bbox 348 2558 470 2622; x_wconf 82' lang='lat' dir='ltr'><strong>nienaiu</strong></span> <span class='ocrx_word' id='word_1_194' title='bbox 492 2554 638 2641; x_wconf 78' lang='lat' dir='ltr'><strong>pondere</strong></span> <span class='ocrx_word' id='word_1_195' title='bbox 661 2552 757 2612; x_wconf 82' lang='lat' dir='ltr'><strong>docet</strong></span> <span class='ocrx_word' id='word_1_196' title='bbox 793 2551 994 2632; x_wconf 84' lang='lat' dir='ltr'><strong>experientia</strong></span> <span class='ocrx_word' id='word_1_197' title='bbox 1018 2549 1119 2611; x_wconf 85' lang='lat' dir='ltr'><strong>hiiun-</strong></span> <span class='ocrx_word' id='word_1_198' title='bbox 1155 2550 1296 2612; x_wconf 87' lang='lat' dir='ltr'><strong>denariia</strong></span> <span class='ocrx_word' id='word_1_199' title='bbox 1312 2551 1487 2634; x_wconf 75' lang='lat' dir='ltr'><strong>Augusteix</strong></span> <span class='ocrx_word' id='word_1_200' title='bbox 1505 2538 1626 2636; x_wconf 75' lang='lat' dir='ltr'><strong>reperi,</strong></span> <span class='ocrx_word' id='word_1_201' title='bbox 1648 2554 1925 2618; x_wconf 87' lang='lat' dir='ltr'><strong>tetradrachmnm</strong></span> 
     </span>
     <span class='ocr_line' id='line_1_22' title="bbox 348 2651 1924 2742; baseline -0.002 -20"><span class='ocrx_word' id='word_1_202' title='bbox 348 2659 396 2722; x_wconf 90' lang='lat' dir='ltr'><strong>cia</strong></span> <span class='ocrx_word' id='word_1_203' title='bbox 430 2677 493 2742; x_wconf 88' lang='lat' dir='ltr'><strong>ope</strong></span> <span class='ocrx_word' id='word_1_204' title='bbox 516 2656 673 2718; x_wconf 88' lang='lat' dir='ltr'><strong>inatitutn.</strong></span> <span class='ocrx_word' id='word_1_205' title='bbox 703 2653 786 2714; x_wconf 88' lang='lat' dir='ltr'><strong>Mira</strong></span> <span class='ocrx_word' id='word_1_206' title='bbox 811 2653 893 2714; x_wconf 88' lang='lat' dir='ltr'><strong>adeo</strong></span> <span class='ocrx_word' id='word_1_207' title='bbox 925 2653 992 2714; x_wconf 82' lang='lat' dir='ltr'><strong>rina</strong></span> <span class='ocrx_word' id='word_1_208' title='bbox 1013 2653 1117 2713; x_wconf 88' lang='lat' dir='ltr'><strong>oratio</strong></span> <span class='ocrx_word' id='word_1_209' title='bbox 1154 2671 1253 2733; x_wconf 82' lang='lat' dir='ltr'><strong>nuper</strong></span> <span class='ocrx_word' id='word_1_210' title='bbox 1283 2667 1422 2735; x_wconf 88' lang='lat' dir='ltr'><strong>quatuor</strong></span> <span class='ocrx_word' id='word_1_211' title='bbox 1444 2651 1596 2716; x_wconf 75' lang='lat' dir='ltr'><strong>denarios</strong></span> <span class='ocrx_word' id='word_1_212' title='bbox 1619 2654 1807 2740; x_wconf 75' lang='lat' dir='ltr'><strong>adpendere</strong></span> <span class='ocrx_word' id='word_1_213' title='bbox 1831 2659 1924 2738; x_wconf 79' lang='lat' dir='ltr'><strong>quani</strong></span> 
     </span>
     <span class='ocr_line' id='line_1_23' title="bbox 347 2751 1925 2842; baseline -0.003 -19"><span class='ocrx_word' id='word_1_214' title='bbox 347 2759 453 2835; x_wconf 78' lang='lat' dir='ltr'><strong>Livii,</strong></span> <span class='ocrx_word' id='word_1_215' title='bbox 481 2760 553 2842; x_wconf 88' lang='lat' dir='ltr'><strong>qui,</strong></span> <span class='ocrx_word' id='word_1_216' title='bbox 583 2775 648 2840; x_wconf 88' lang='lat' dir='ltr'><strong>quo</strong></span> <span class='ocrx_word' id='word_1_217' title='bbox 671 2755 745 2816; x_wconf 91' lang='lat' dir='ltr'><strong>loco</strong></span> <span class='ocrx_word' id='word_1_218' title='bbox 773 2752 948 2816; x_wconf 86' lang='lat' dir='ltr'><strong>Flaminini</strong></span> <span class='ocrx_word' id='word_1_219' title='bbox 971 2751 1013 2813; x_wconf 88' lang='lat' dir='ltr'><strong>de</strong></span> <span class='ocrx_word' id='word_1_220' title='bbox 1041 2752 1116 2814; x_wconf 90' lang='lat' dir='ltr'><strong>Phi·</strong></span> <span class='ocrx_word' id='word_1_221' title='bbox 1154 2753 1341 2825; x_wconf 87' lang='lat' dir='ltr'><strong>aemiaaem,</strong></span> <span class='ocrx_word' id='word_1_222' title='bbox 1366 2773 1423 2815; x_wconf 80' lang='lat' dir='ltr'><strong>neu</strong></span> <span class='ocrx_word' id='word_1_223' title='bbox 1441 2753 1634 2838; x_wconf 75' lang='lat' dir='ltr'><strong>quinarium.</strong></span> <span class='ocrx_word' id='word_1_224' title='bbox 1657 2759 1762 2820; x_wconf 84' lang='lat' dir='ltr'><strong>Recte</strong></span> <span class='ocrx_word' id='word_1_225' title='bbox 1780 2753 1865 2818; x_wconf 83' lang='lat' dir='ltr'><strong>istud</strong></span> <span class='ocrx_word' id='word_1_226' title='bbox 1883 2774 1925 2818; x_wconf 84' lang='lat' dir='ltr'><strong>ex</strong></span> 
     </span>
     <span class='ocr_line' id='line_1_24' title="bbox 346 2851 1926 2946; baseline -0.004 -20"><span class='ocrx_word' id='word_1_227' title='bbox 346 2863 439 2946; x_wconf 89' lang='lat' dir='ltr'><strong>lippo</strong></span> <span class='ocrx_word' id='word_1_228' title='bbox 467 2857 649 2922; x_wconf 73' lang='lat' dir='ltr'><strong>Macedone</strong></span> <span class='ocrx_word' id='word_1_229' title='bbox 677 2854 900 2942; x_wconf 69' lang='lat' dir='ltr'><strong>triumphum,</strong></span> <span class='ocrx_word' id='word_1_230' title='bbox 926 2869 1117 2940; x_wconf 80' lang='lat' dir='ltr'><strong>ceptumque</strong></span> <span class='ocrx_word' id='word_1_231' title='bbox 1153 2853 1269 2915; x_wconf 91' lang='lat' dir='ltr'><strong>tradita</strong></span> <span class='ocrx_word' id='word_1_232' title='bbox 1297 2853 1375 2914; x_wconf 87' lang='lat' dir='ltr'><strong>alibi</strong></span> <span class='ocrx_word' id='word_1_233' title='bbox 1407 2851 1555 2916; x_wconf 85' lang='lat' dir='ltr'><strong>doctrina</strong></span> <span class='ocrx_word' id='word_1_234' title='bbox 1586 2855 1785 2938; x_wconf 56' lang='lat' dir='ltr'><strong>donatione</strong></span> <span class='ocrx_word' id='word_1_235' title='bbox 1810 2852 1926 2920; x_wconf 81' lang='lat' dir='ltr'><strong>drach&#39;-</strong></span> 
     </span>
     <span class='ocr_line' id='line_1_25' title="bbox 346 2952 1925 3048; baseline -0.004 -21"><span class='ocrx_word' id='word_1_236' title='bbox 346 2960 502 3048; x_wconf 83' lang='lat' dir='ltr'><strong>praedam</strong></span> <span class='ocrx_word' id='word_1_237' title='bbox 532 2959 725 3040; x_wconf 65' lang='lat' dir='ltr'><strong>enarrate),</strong></span> <span class='ocrx_word' id='word_1_238' title='bbox 757 2957 803 3018; x_wconf 90' lang='lat' dir='ltr'><strong>aic</strong></span> <span class='ocrx_word' id='word_1_239' title='bbox 832 2957 890 3018; x_wconf 81' lang='lat' dir='ltr'><strong>ait:</strong></span> <span class='ocrx_word' id='word_1_240' title='bbox 923 2961 1047 3036; x_wconf 74' lang='lat' dir='ltr'><strong>eipnata&#39;</strong></span> <span class='ocrx_word' id='word_1_241' title='bbox 1066 2977 1118 3016; x_wconf 85' lang='lat' dir='ltr'><strong>ar·</strong></span> <span class='ocrx_word' id='word_1_242' title='bbox 1154 2973 1226 3016; x_wconf 86' lang='lat' dir='ltr'><strong>tuae</strong></span> <span class='ocrx_word' id='word_1_243' title='bbox 1254 2968 1287 3016; x_wconf 91' lang='lat' dir='ltr'><strong>et</strong></span> <span class='ocrx_word' id='word_1_244' title='bbox 1322 2952 1468 3030; x_wconf 80' lang='lat' dir='ltr'><strong>denarii,</strong></span> <span class='ocrx_word' id='word_1_245' title='bbox 1492 2957 1680 3020; x_wconf 75' lang='lat' dir='ltr'><strong>¹necandum</strong></span> <span class='ocrx_word' id='word_1_246' title='bbox 1706 2980 1802 3044; x_wconf 88' lang='lat' dir='ltr'><strong>quam</strong></span> <span class='ocrx_word' id='word_1_247' title='bbox 1826 2959 1925 3021; x_wconf 85' lang='lat' dir='ltr'><strong>dena·</strong></span> 
     </span>
     <span class='ocr_line' id='line_1_26' title="bbox 291 3055 1923 3148; baseline -0.001 -22"><span class='ocrx_word' id='word_1_248' title='bbox 291 3055 328 3086; x_wconf 58' lang='lat'><em>⁴</em></span> <span class='ocrx_word' id='word_1_249' title='bbox 345 3067 436 3146; x_wconf 72' lang='lat' dir='ltr'><strong>panti</strong></span> <span class='ocrx_word' id='word_1_250' title='bbox 459 3065 623 3142; x_wconf 76' lang='lat' dir='ltr'><strong>octupintu</strong></span> <span class='ocrx_word' id='word_1_251' title='bbox 647 3072 785 3144; x_wconf 76' lang='lat' dir='ltr'><strong>quatum</strong></span> <span class='ocrx_word' id='word_1_252' title='bbox 804 3062 910 3140; x_wconf 66' lang='lat' dir='ltr'><strong>millia</strong></span> <span class='ocrx_word' id='word_1_253' title='bbox 923 3059 1116 3148; x_wconf 59' lang='lat' dir='ltr'><strong>fuerefitti·</strong></span> <span class='ocrx_word' id='word_1_254' title='bbox 1153 3057 1221 3118; x_wconf 84' lang='lat' dir='ltr'><strong>rina</strong></span> <span class='ocrx_word' id='word_1_255' title='bbox 1252 3075 1287 3118; x_wconf 85' lang='lat' dir='ltr'><strong>ae</strong></span> <span class='ocrx_word' id='word_1_256' title='bbox 1313 3055 1410 3118; x_wconf 85' lang='lat' dir='ltr'><strong>hahet</strong></span> <span class='ocrx_word' id='word_1_257' title='bbox 1436 3057 1477 3118; x_wconf 85' lang='lat' dir='ltr'><strong>nd</strong></span> <span class='ocrx_word' id='word_1_258' title='bbox 1497 3056 1684 3120; x_wconf 75' lang='lat' dir='ltr'><strong>drachmam</strong></span> <span class='ocrx_word' id='word_1_259' title='bbox 1704 3063 1844 3122; x_wconf 82' lang='lat' dir='ltr'><strong>Atticam</strong></span> <span class='ocrx_word' id='word_1_260' title='bbox 1874 3059 1923 3124; x_wconf 81' lang='lat' dir='ltr'><strong>ie·</strong></span> 
     </span>
     <span class='ocr_line' id='line_1_27' title="bbox 227 3141 1925 3240; baseline -0.003 -13"><span class='ocrx_word' id='word_1_261' title='bbox 227 3141 231 3154; x_wconf 45' lang='lat'>¹</span> <span class='ocrx_word' id='word_1_262' title='bbox 348 3185 479 3237; x_wconf 76' lang='lat' dir='ltr'><strong>eorum5</strong></span> <span class='ocrx_word' id='word_1_263' title='bbox 502 3165 735 3223; x_wconf 79' lang='lat' dir='ltr'><strong>tetrudroclunn</strong></span> <span class='ocrx_word' id='word_1_264' title='bbox 761 3172 893 3232; x_wconf 79' lang='lat' dir='ltr'><strong>vocant,</strong></span> <span class='ocrx_word' id='word_1_265' title='bbox 921 3163 1018 3232; x_wconf 65' lang='lat' dir='ltr'><strong>trium</strong></span> <span class='ocrx_word' id='word_1_266' title='bbox 1046 3160 1118 3238; x_wconf 83' lang='lat' dir='ltr'><strong>sere</strong></span> <span class='ocrx_word' id='word_1_267' title='bbox 1154 3159 1292 3220; x_wconf 74' lang='lat' dir='ltr'><strong>rentii</strong></span> <span class='ocrx_word' id='word_1_268' title='bbox 1316 3155 1407 3240; x_wconf 81' lang='lat' dir='ltr'><strong>adp.</strong></span> <span class='ocrx_word' id='word_1_269' title='bbox 1440 3157 1521 3220; x_wconf 86' lang='lat' dir='ltr'><strong>Nam</strong></span> <span class='ocrx_word' id='word_1_270' title='bbox 1549 3179 1623 3221; x_wconf 89' lang='lat' dir='ltr'><strong>cum</strong></span> <span class='ocrx_word' id='word_1_271' title='bbox 1648 3159 1925 3225; x_wconf 83' lang='lat' dir='ltr'><strong>tetradrachmunx</strong></span> 
     </span>
     <span class='ocr_line' id='line_1_28' title="bbox 348 3257 1926 3346; baseline 0 -22"><span class='ocrx_word' id='word_1_272' title='bbox 348 3267 555 3329; x_wconf 79' lang='lat' dir='ltr'><strong>denariorum</strong></span> <span class='ocrx_word' id='word_1_273' title='bbox 595 3267 631 3322; x_wconf 79' lang='lat' dir='ltr'><strong>in</strong></span> <span class='ocrx_word' id='word_1_274' title='bbox 666 3265 803 3342; x_wconf 80' lang='lat' dir='ltr'><strong>rinpulia</strong></span> <span class='ocrx_word' id='word_1_275' title='bbox 839 3263 965 3340; x_wconf 77' lang='lat' dir='ltr'><strong>arpenti</strong></span> <span class='ocrx_word' id='word_1_276' title='bbox 992 3265 1118 3338; x_wconf 77' lang='lat' dir='ltr'><strong>pondua</strong></span> <span class='ocrx_word' id='word_1_277' title='bbox 1153 3260 1294 3323; x_wconf 85' lang='lat' dir='ltr'><strong>Atticum</strong></span> <span class='ocrx_word' id='word_1_278' title='bbox 1326 3257 1486 3344; x_wconf 79' lang='lat' dir='ltr'><strong>adpendet</strong></span> <span class='ocrx_word' id='word_1_279' title='bbox 1513 3259 1666 3325; x_wconf 75' lang='lat' dir='ltr'><strong>denario·</strong></span> <span class='ocrx_word' id='word_1_280' title='bbox 1688 3271 1746 3340; x_wconf 58' lang='lat' dir='ltr'><strong>dt,</strong></span> <span class='ocrx_word' id='word_1_281' title='bbox 1774 3282 1834 3324; x_wconf 82' lang='lat' dir='ltr'><strong>eeu</strong></span> <span class='ocrx_word' id='word_1_282' title='bbox 1857 3265 1926 3346; x_wconf 84' lang='lat' dir='ltr'><strong>qui·</strong></span> 
     </span>
     <span class='ocr_line' id='line_1_29' title="bbox 349 3358 1945 3456; baseline -0.001 -28"><span class='ocrx_word' id='word_1_283' title='bbox 349 3375 408 3429; x_wconf 83' lang='lat' dir='ltr'><strong>eat.</strong></span> <span class='ocrx_word' id='word_1_284' title='bbox 430 3366 539 3426; x_wconf 80' lang='lat' dir='ltr'><strong>Locus</strong></span> <span class='ocrx_word' id='word_1_285' title='bbox 555 3361 610 3424; x_wconf 93' lang='lat' dir='ltr'><strong>hic</strong></span> <span class='ocrx_word' id='word_1_286' title='bbox 625 3361 814 3425; x_wconf 87' lang='lat' dir='ltr'><strong>criticorum</strong></span> <span class='ocrx_word' id='word_1_287' title='bbox 835 3361 985 3444; x_wconf 77' lang='lat' dir='ltr'><strong>ingenia,</strong></span> <span class='ocrx_word' id='word_1_288' title='bbox 1007 3374 1042 3422; x_wconf 90' lang='lat' dir='ltr'><strong>nt</strong></span> <span class='ocrx_word' id='word_1_289' title='bbox 1064 3358 1119 3421; x_wconf 87' lang='lat' dir='ltr'><strong>de·</strong></span> <span class='ocrx_word' id='word_1_290' title='bbox 1154 3361 1262 3423; x_wconf 89' lang='lat' dir='ltr'><strong>narioa</strong></span> <span class='ocrx_word' id='word_1_291' title='bbox 1293 3381 1331 3442; x_wconf 79' lang='lat' dir='ltr'><strong>o,</strong></span> <span class='ocrx_word' id='word_1_292' title='bbox 1362 3381 1403 3424; x_wconf 88' lang='lat' dir='ltr'><strong>ex</strong></span> <span class='ocrx_word' id='word_1_293' title='bbox 1436 3361 1498 3422; x_wconf 88' lang='lat' dir='ltr'><strong>hoc&#39;</strong></span> <span class='ocrx_word' id='word_1_294' title='bbox 1533 3361 1630 3424; x_wconf 89' lang='lat' dir='ltr'><strong>etiam</strong></span> <span class='ocrx_word' id='word_1_295' title='bbox 1660 3364 1693 3426; x_wconf 90' lang='lat' dir='ltr'><strong>in</strong></span> <span class='ocrx_word' id='word_1_296' title='bbox 1725 3364 1945 3456; x_wconf 50' lang='lat' dir='ltr'><strong>tetradrttch3</strong></span> 
     </span>
     <span class='ocr_line' id='line_1_30' title="bbox 350 3463 1929 3546; baseline -0.001 -16"><span class='ocrx_word' id='word_1_297' title='bbox 350 3465 434 3542; x_wconf 87' lang='lat' dir='ltr'><strong>cuit,</strong></span> <span class='ocrx_word' id='word_1_298' title='bbox 468 3465 587 3527; x_wconf 78' lang='lat' dir='ltr'><strong>misere</strong></span> <span class='ocrx_word' id='word_1_299' title='bbox 613 3463 756 3538; x_wconf 86' lang='lat' dir='ltr'><strong>vexarit,</strong></span> <span class='ocrx_word' id='word_1_300' title='bbox 787 3463 937 3546; x_wconf 87' lang='lat' dir='ltr'><strong>quoniam</strong></span> <span class='ocrx_word' id='word_1_301' title='bbox 969 3482 1009 3523; x_wconf 87' lang='lat' dir='ltr'><strong>ex</strong></span> <span class='ocrx_word' id='word_1_302' title='bbox 1031 3475 1119 3525; x_wconf 84' lang='lat' dir='ltr'><strong>vete·</strong></span> <span class='ocrx_word' id='word_1_303' title='bbox 1155 3483 1209 3524; x_wconf 89' lang='lat' dir='ltr'><strong>mo</strong></span> <span class='ocrx_word' id='word_1_304' title='bbox 1233 3463 1333 3544; x_wconf 79' lang='lat' dir='ltr'><strong>partie</strong></span> <span class='ocrx_word' id='word_1_305' title='bbox 1354 3485 1461 3526; x_wconf 88' lang='lat' dir='ltr'><strong>nonae</strong></span> <span class='ocrx_word' id='word_1_306' title='bbox 1481 3481 1619 3526; x_wconf 81' lang='lat' dir='ltr'><strong>excearu</strong></span> <span class='ocrx_word' id='word_1_307' title='bbox 1649 3463 1786 3546; x_wconf 75' lang='lat' dir='ltr'><strong>egregie</strong></span> <span class='ocrx_word' id='word_1_308' title='bbox 1808 3465 1929 3529; x_wconf 83' lang='lat' dir='ltr'><strong>confir·</strong></span> 
     </span>
     <span class='ocr_line' id='line_1_31' title="bbox 347 3563 1927 3652; baseline -0.001 -20"><span class='ocrx_word' id='word_1_309' title='bbox 347 3587 421 3632; x_wconf 86' lang='lat' dir='ltr'><strong>rntn</strong></span> <span class='ocrx_word' id='word_1_310' title='bbox 448 3586 610 3652; x_wconf 82' lang='lat' dir='ltr'><strong>cnuaensu</strong></span> <span class='ocrx_word' id='word_1_311' title='bbox 630 3565 782 3628; x_wconf 80' lang='lat' dir='ltr'><strong>drachma</strong></span> <span class='ocrx_word' id='word_1_312' title='bbox 809 3578 842 3626; x_wconf 88' lang='lat' dir='ltr'><strong>et</strong></span> <span class='ocrx_word' id='word_1_313' title='bbox 859 3563 1010 3627; x_wconf 61' lang='lat' dir='ltr'><strong>denarius</strong></span> <span class='ocrx_word' id='word_1_314' title='bbox 1031 3565 1118 3626; x_wconf 91' lang='lat' dir='ltr'><strong>idem</strong></span> <span class='ocrx_word' id='word_1_315' title='bbox 1155 3577 1261 3626; x_wconf 87' lang='lat' dir='ltr'><strong>matur</strong></span> <span class='ocrx_word' id='word_1_316' title='bbox 1292 3577 1470 3625; x_wconf 90' lang='lat' dir='ltr'><strong>memorata</strong></span> <span class='ocrx_word' id='word_1_317' title='bbox 1494 3565 1576 3626; x_wconf 90' lang='lat' dir='ltr'><strong>ratio</strong></span> <span class='ocrx_word' id='word_1_318' title='bbox 1599 3563 1725 3626; x_wconf 89' lang='lat' dir='ltr'><strong>denarii</strong></span> <span class='ocrx_word' id='word_1_319' title='bbox 1746 3564 1787 3626; x_wconf 89' lang='lat' dir='ltr'><strong>ad</strong></span> <span class='ocrx_word' id='word_1_320' title='bbox 1809 3567 1927 3632; x_wconf 88' lang='lat' dir='ltr'><strong>drach·</strong></span> 
     </span>
     <span class='ocr_line' id='line_1_32' title="bbox 348 3657 1928 3752; baseline -0.001 -19"><span class='ocrx_word' id='word_1_321' title='bbox 348 3670 423 3734; x_wconf 79' lang='lat' dir='ltr'><strong>sere</strong></span> <span class='ocrx_word' id='word_1_322' title='bbox 454 3666 681 3732; x_wconf 78' lang='lat' dir='ltr'><strong>cernebantur.</strong></span> <span class='ocrx_word' id='word_1_323' title='bbox 712 3665 852 3752; x_wconf 83' lang='lat' dir='ltr'><strong>Dicere,</strong></span> <span class='ocrx_word' id='word_1_324' title='bbox 876 3665 1044 3750; x_wconf 75' lang='lat' dir='ltr'><strong>ignorasse</strong></span> <span class='ocrx_word' id='word_1_325' title='bbox 1066 3667 1119 3727; x_wconf 86' lang='lat' dir='ltr'><strong>Li·</strong></span> <span class='ocrx_word' id='word_1_326' title='bbox 1158 3686 1241 3728; x_wconf 89' lang='lat' dir='ltr'><strong>mum</strong></span> <span class='ocrx_word' id='word_1_327' title='bbox 1266 3679 1301 3727; x_wconf 85' lang='lat' dir='ltr'><strong>ut</strong></span> <span class='ocrx_word' id='word_1_328' title='bbox 1320 3657 1402 3727; x_wconf 71' lang='lat' dir='ltr'><strong>ead</strong></span> <span class='ocrx_word' id='word_1_329' title='bbox 1423 3674 1454 3747; x_wconf 84' lang='lat'><strong>9.</strong></span> <span class='ocrx_word' id='word_1_330' title='bbox 1478 3666 1593 3728; x_wconf 88' lang='lat' dir='ltr'><strong>Vtrum</strong></span> <span class='ocrx_word' id='word_1_331' title='bbox 1618 3665 1783 3728; x_wconf 72' lang='lat' dir='ltr'><strong>Liuianum</strong></span> <span class='ocrx_word' id='word_1_332' title='bbox 1813 3667 1928 3732; x_wconf 82' lang='lat' dir='ltr'><strong>lectio·</strong></span> 
     </span>
     <span class='ocr_line' id='line_1_33' title="bbox 349 3765 1928 3852; baseline -0.001 -18"><span class='ocrx_word' id='word_1_333' title='bbox 349 3772 439 3834; x_wconf 81' lang='lat' dir='ltr'><strong>xium</strong></span> <span class='ocrx_word' id='word_1_334' title='bbox 460 3773 510 3834; x_wconf 89' lang='lat' dir='ltr'><strong>rei</strong></span> <span class='ocrx_word' id='word_1_335' title='bbox 535 3769 733 3832; x_wconf 80' lang='lat' dir='ltr'><strong>monetariae</strong></span> <span class='ocrx_word' id='word_1_336' title='bbox 755 3767 942 3851; x_wconf 77' lang='lat' dir='ltr'><strong>negotium,</strong></span> <span class='ocrx_word' id='word_1_337' title='bbox 965 3791 1030 3852; x_wconf 88' lang='lat' dir='ltr'><strong>quo</strong></span> <span class='ocrx_word' id='word_1_338' title='bbox 1055 3787 1120 3830; x_wconf 87' lang='lat' dir='ltr'><strong>uuo</strong></span> <span class='ocrx_word' id='word_1_339' title='bbox 1156 3787 1229 3830; x_wconf 89' lang='lat' dir='ltr'><strong>nem</strong></span> <span class='ocrx_word' id='word_1_340' title='bbox 1259 3779 1333 3850; x_wconf 87' lang='lat' dir='ltr'><strong>apte</strong></span> <span class='ocrx_word' id='word_1_341' title='bbox 1354 3765 1510 3829; x_wconf 83' lang='lat' dir='ltr'><strong>defendat</strong></span> <span class='ocrx_word' id='word_1_342' title='bbox 1527 3769 1569 3832; x_wconf 87' lang='lat' dir='ltr'><strong>cl.</strong></span> <span class='ocrx_word' id='word_1_343' title='bbox 1588 3767 1708 3848; x_wconf 83' lang='lat' dir='ltr'><strong>Dupuy</strong></span> <span class='ocrx_word' id='word_1_344' title='bbox 1725 3769 1772 3848; x_wconf 81' lang='lat'><strong>⁸).</strong></span> <span class='ocrx_word' id='word_1_345' title='bbox 1794 3774 1928 3852; x_wconf 76' lang='lat' dir='ltr'><strong>magno·</strong></span> 
     </span>
     <span class='ocr_line' id='line_1_34' title="bbox 350 3865 1925 3954; baseline 0 -20"><span class='ocrx_word' id='word_1_346' title='bbox 350 3871 495 3937; x_wconf 88' lang='lat' dir='ltr'><strong>Gordiua</strong></span> <span class='ocrx_word' id='word_1_347' title='bbox 522 3872 576 3933; x_wconf 91' lang='lat' dir='ltr'><strong>hic</strong></span> <span class='ocrx_word' id='word_1_348' title='bbox 601 3868 706 3931; x_wconf 85' lang='lat' dir='ltr'><strong>uodua</strong></span> <span class='ocrx_word' id='word_1_349' title='bbox 737 3865 923 3951; x_wconf 73' lang='lat' dir='ltr'><strong>planissime</strong></span> <span class='ocrx_word' id='word_1_350' title='bbox 953 3869 1121 3932; x_wconf 79' lang='lat' dir='ltr'><strong>resecaba·</strong></span> <span class='ocrx_word' id='word_1_351' title='bbox 1158 3889 1236 3954; x_wconf 87' lang='lat' dir='ltr'><strong>pare</strong></span> <span class='ocrx_word' id='word_1_352' title='bbox 1254 3867 1378 3942; x_wconf 89' lang='lat' dir='ltr'><strong>dubito,</strong></span> <span class='ocrx_word' id='word_1_353' title='bbox 1401 3868 1459 3931; x_wconf 81' lang='lat' dir='ltr'><strong>aed</strong></span> <span class='ocrx_word' id='word_1_354' title='bbox 1476 3868 1564 3952; x_wconf 88' lang='lat' dir='ltr'><strong>quod</strong></span> <span class='ocrx_word' id='word_1_355' title='bbox 1583 3888 1668 3930; x_wconf 89' lang='lat' dir='ltr'><strong>nuno</strong></span> <span class='ocrx_word' id='word_1_356' title='bbox 1683 3871 1840 3954; x_wconf 84' lang='lat' dir='ltr'><strong>expedire</strong></span> <span class='ocrx_word' id='word_1_357' title='bbox 1859 3893 1925 3936; x_wconf 92' lang='lat' dir='ltr'><strong>non</strong></span> 
     </span>
     <span class='ocr_line' id='line_1_35' title="bbox 352 3959 1928 4056; baseline -0.001 -18"><span class='ocrx_word' id='word_1_358' title='bbox 352 3989 424 4052; x_wconf 87' lang='lat' dir='ltr'><strong>tur,</strong></span> <span class='ocrx_word' id='word_1_359' title='bbox 455 3971 574 4056; x_wconf 82' lang='lat' dir='ltr'><strong>religio</strong></span> <span class='ocrx_word' id='word_1_360' title='bbox 596 3971 667 4034; x_wconf 79' lang='lat' dir='ltr'><strong>suit.</strong></span> <span class='ocrx_word' id='word_1_361' title='bbox 712 3973 804 4051; x_wconf 81' lang='lat' dir='ltr'><strong>Ergo</strong></span> <span class='ocrx_word' id='word_1_362' title='bbox 827 3971 897 4031; x_wconf 83' lang='lat' dir='ltr'><strong>aliia</strong></span> <span class='ocrx_word' id='word_1_363' title='bbox 919 3972 1039 4044; x_wconf 76' lang='lat' dir='ltr'><strong>riuum,</strong></span> <span class='ocrx_word' id='word_1_364' title='bbox 1066 3959 1123 4032; x_wconf 69' lang='lat' dir='ltr'><strong>del</strong></span> <span class='ocrx_word' id='word_1_365' title='bbox 1159 3983 1259 4034; x_wconf 84' lang='lat' dir='ltr'><strong>vacat.</strong></span> <span class='ocrx_word' id='word_1_366' title='bbox 1282 3967 1346 4032; x_wconf 89' lang='lat' dir='ltr'><strong>Sed</strong></span> <span class='ocrx_word' id='word_1_367' title='bbox 1361 3990 1443 4051; x_wconf 88' lang='lat' dir='ltr'><strong>quae</strong></span> <span class='ocrx_word' id='word_1_368' title='bbox 1457 3969 1496 4030; x_wconf 86' lang='lat' dir='ltr'><strong>ad</strong></span> <span class='ocrx_word' id='word_1_369' title='bbox 1512 3972 1694 4033; x_wconf 71' lang='lat' dir='ltr'><strong>accuratius</strong></span> <span class='ocrx_word' id='word_1_370' title='bbox 1709 3971 1928 4055; x_wconf 86' lang='lat' dir='ltr'><strong>hujuamone·</strong></span> 
     </span>
     <span class='ocr_line' id='line_1_36' title="bbox 320 4068 1928 4156; baseline 0 -18"><span class='ocrx_word' id='word_1_371' title='bbox 320 4101 323 4116; x_wconf 88' lang='grc'>·</span> <span class='ocrx_word' id='word_1_372' title='bbox 351 4075 477 4140; x_wconf 78' lang='lat' dir='ltr'><strong>naritm</strong></span> <span class='ocrx_word' id='word_1_373' title='bbox 501 4076 570 4136; x_wconf 82' lang='lat' dir='ltr'><strong>itto·</strong></span> <span class='ocrx_word' id='word_1_374' title='bbox 584 4088 734 4156; x_wconf 86' lang='lat' dir='ltr'><strong>tempore</strong></span> <span class='ocrx_word' id='word_1_375' title='bbox 760 4072 861 4134; x_wconf 78' lang='lat' dir='ltr'><strong>faiano</strong></span> <span class='ocrx_word' id='word_1_376' title='bbox 888 4071 1063 4136; x_wconf 85' lang='lat' dir='ltr'><strong>drachmae</strong></span> <span class='ocrx_word' id='word_1_377' title='bbox 1089 4083 1122 4134; x_wconf 88' lang='lat' dir='ltr'><strong>et</strong></span> <span class='ocrx_word' id='word_1_378' title='bbox 1158 4089 1210 4135; x_wconf 90' lang='lat' dir='ltr'><strong>tae</strong></span> <span class='ocrx_word' id='word_1_379' title='bbox 1233 4071 1360 4156; x_wconf 84' lang='lat' dir='ltr'><strong>pondua</strong></span> <span class='ocrx_word' id='word_1_380' title='bbox 1376 4071 1553 4154; x_wconf 87' lang='lat' dir='ltr'><strong>pertinent,</strong></span> <span class='ocrx_word' id='word_1_381' title='bbox 1573 4068 1647 4134; x_wconf 85' lang='lat' dir='ltr'><strong>ride</strong></span> <span class='ocrx_word' id='word_1_382' title='bbox 1669 4092 1710 4134; x_wconf 90' lang='lat' dir='ltr'><strong>ex</strong></span> <span class='ocrx_word' id='word_1_383' title='bbox 1725 4073 1768 4138; x_wconf 81' lang='lat' dir='ltr'><strong>ci.</strong></span> <span class='ocrx_word' id='word_1_384' title='bbox 1790 4075 1928 4138; x_wconf 85' lang='lat' dir='ltr'><strong>Barthe·</strong></span> 
     </span>
     <span class='ocr_line' id='line_1_37' title="bbox 351 4171 1927 4262; baseline -0.003 -20"><span class='ocrx_word' id='word_1_385' title='bbox 351 4177 481 4242; x_wconf 87' lang='lat' dir='ltr'><strong>trientia</strong></span> <span class='ocrx_word' id='word_1_386' title='bbox 510 4175 677 4262; x_wconf 88' lang='lat' dir='ltr'><strong>pondere,</strong></span> <span class='ocrx_word' id='word_1_387' title='bbox 708 4173 780 4247; x_wconf 84' lang='lat' dir='ltr'><strong>alii,</strong></span> <span class='ocrx_word' id='word_1_388' title='bbox 808 4193 868 4258; x_wconf 89' lang='lat' dir='ltr'><strong>pro</strong></span> <span class='ocrx_word' id='word_1_389' title='bbox 893 4178 989 4236; x_wconf 78' lang='lat' dir='ltr'><strong>trium</strong></span> <span class='ocrx_word' id='word_1_390' title='bbox 1011 4175 1122 4258; x_wconf 83' lang='lat' dir='ltr'><strong>legen·</strong></span> <span class='ocrx_word' id='word_1_391' title='bbox 1159 4173 1258 4256; x_wconf 77' lang='lat' dir='ltr'><strong>tempi</strong></span> <span class='ocrx_word' id='word_1_392' title='bbox 1280 4171 1427 4235; x_wconf 78' lang='lat' dir='ltr'><strong>doctrine</strong></span> <span class='ocrx_word' id='word_1_393' title='bbox 1445 4172 1611 4256; x_wconf 77' lang='lat' dir='ltr'><strong>proponite</strong></span> <span class='ocrx_word' id='word_1_394' title='bbox 1626 4173 1659 4232; x_wconf 94' lang='lat' dir='ltr'><strong>in</strong></span> <span class='ocrx_word' id='word_1_395' title='bbox 1676 4171 1927 4256; x_wconf 81' lang='lat' dir='ltr'><strong>Prolugomenie</strong></span> 
     </span>
     <span class='ocr_line' id='line_1_38' title="bbox 354 4271 1927 4361; baseline -0.001 -21"><span class='ocrx_word' id='word_1_396' title='bbox 354 4277 431 4342; x_wconf 84' lang='lat' dir='ltr'><strong>dunt</strong></span> <span class='ocrx_word' id='word_1_397' title='bbox 460 4289 613 4361; x_wconf 81' lang='lat' dir='ltr'><strong>quartuor</strong></span> <span class='ocrx_word' id='word_1_398' title='bbox 631 4278 703 4356; x_wconf 83' lang='lat' dir='ltr'><strong>sere</strong></span> <span class='ocrx_word' id='word_1_399' title='bbox 723 4277 929 4337; x_wconf 81' lang='lat' dir='ltr'><strong>denariorum</strong></span> <span class='ocrx_word' id='word_1_400' title='bbox 951 4293 1124 4338; x_wconf 73' lang='lat' dir='ltr'><strong>censuere.</strong></span> <span class='ocrx_word' id='word_1_401' title='bbox 1159 4275 1199 4338; x_wconf 87' lang='lat' dir='ltr'><strong>ad</strong></span> <span class='ocrx_word' id='word_1_402' title='bbox 1224 4277 1288 4339; x_wconf 91' lang='lat' dir='ltr'><strong>hoc</strong></span> <span class='ocrx_word' id='word_1_403' title='bbox 1313 4295 1394 4358; x_wconf 88' lang='lat' dir='ltr'><strong>opua</strong></span> <span class='ocrx_word' id='word_1_404' title='bbox 1417 4271 1624 4358; x_wconf 77' lang='lat' dir='ltr'><strong>generalibua</strong></span> <span class='ocrx_word' id='word_1_405' title='bbox 1641 4273 1717 4342; x_wconf 85' lang='lat' dir='ltr'><strong>Vol.</strong></span> <span class='ocrx_word' id='word_1_406' title='bbox 1739 4276 1763 4335; x_wconf 92' lang='lat' dir='ltr'><strong>I.</strong></span> <span class='ocrx_word' id='word_1_407' title='bbox 1780 4293 1850 4358; x_wconf 84' lang='lat' dir='ltr'><strong>cap.</strong></span> <span class='ocrx_word' id='word_1_408' title='bbox 1869 4279 1927 4341; x_wconf 84' lang='lat' dir='ltr'><strong>tx.</strong></span> 
     </span>
    </p>
   </div>
   <div class='ocr_carea' id='block_1_4' title="bbox 472 4561 1925 4661">
    <p class='ocr_par' dir='ltr' id='par_1_4' title="bbox 472 4561 1925 4661">
     <span class='ocr_line' id='line_1_39' title="bbox 472 4561 1925 4661; baseline -0.001 -23"><span class='ocrx_word' id='word_1_409' title='bbox 472 4581 503 4656; x_wconf 74' lang='grc' dir='ltr'><strong>ι»)</strong></span> <span class='ocrx_word' id='word_1_410' title='bbox 522 4582 755 4661; x_wconf 64' lang='grc' dir='ltr'><strong>Τ.ι,ρ.ιη.2ι4.</strong></span> <span class='ocrx_word' id='word_1_411' title='bbox 805 4581 1110 4657; x_wconf 66' lang='lat' dir='ltr'><strong>utrumnam.</strong></span> <span class='ocrx_word' id='word_1_412' title='bbox 1158 4579 1191 4652; x_wconf 75' lang='lat' dir='ltr'><strong>d)</strong></span> <span class='ocrx_word' id='word_1_413' title='bbox 1203 4561 1457 4656; x_wconf 73' lang='lat' dir='ltr'><strong>Punch.p.1ttt·</strong></span> <span class='ocrx_word' id='word_1_414' title='bbox 1510 4579 1925 4658; x_wconf 58' lang='lat' dir='ltr'><strong>cennxxvntpmm.</strong></span> 
     </span>
    </p>
   </div>
   <div class='ocr_carea' id='block_1_5' title="bbox 0 0 2120 5488">
    <p class='ocr_par' dir='ltr' id='par_1_5' title="bbox 0 0 2120 5488">
     <span class='ocr_line' id='line_1_40' title="bbox 0 0 2120 5488; baseline 0 0"><span class='ocrx_word' id='word_1_415' title='bbox 0 0 2120 5488; x_wconf 95' lang='lat' dir='ltr'><strong> </strong></span> 
     </span>
    </p>
   </div>
  </div>
 </body>
</html>
