<?xml version="1.0" encoding="UTF-8"?>
<!DOCTYPE html PUBLIC "-//W3C//DTD XHTML 1.0 Transitional//EN"
    "http://www.w3.org/TR/xhtml1/DTD/xhtml1-transitional.dtd">
<html xmlns="http://www.w3.org/1999/xhtml" xml:lang="en" lang="en">
 <head>
  <title>
</title>
<meta http-equiv="Content-Type" content="text/html;charset=utf-8" />
  <meta name='ocr-system' content='tesseract 3.04.00' />
  <meta name='ocr-capabilities' content='ocr_page ocr_carea ocr_par ocr_line ocrx_word'/>
</head>
<body>
  <div class='ocr_page' id='page_1' title='image "./doctrinanumorum00millgoog_0053.png"; bbox 0 0 4296 5494; ppageno 0'>
   <div class='ocr_carea' id='block_1_1' title="bbox 356 597 1327 701">
    <p class='ocr_par' dir='ltr' id='par_1_1' title="bbox 356 597 1327 701">
     <span class='ocr_line' id='line_1_1' title="bbox 356 597 1327 701; baseline -0.001 -30"><span class='ocrx_word' id='word_1_1' title='bbox 356 632 405 701; x_wconf 57' lang='lat' dir='ltr'><strong>m</strong></span> <span class='ocrx_word' id='word_1_2' title='bbox 952 597 1327 676; x_wconf 74' lang='lat' dir='ltr'><strong>russata</strong></span> 
     </span>
    </p>
   </div>
   <div class='ocr_carea' id='block_1_2' title="bbox 357 769 1942 4211">
    <p class='ocr_par' dir='ltr' id='par_1_2' title="bbox 357 769 1942 4211">
     <span class='ocr_line' id='line_1_2' title="bbox 361 769 1931 861; baseline -0.008 -13"><span class='ocrx_word' id='word_1_3' title='bbox 361 781 507 849; x_wconf 85' lang='lat' dir='ltr'><strong>addictos</strong></span> <span class='ocrx_word' id='word_1_4' title='bbox 532 799 574 846; x_wconf 86' lang='lat' dir='ltr'><strong>ex</strong></span> <span class='ocrx_word' id='word_1_5' title='bbox 594 799 710 843; x_wconf 86' lang='lat' dir='ltr'><strong>sorum</strong></span> <span class='ocrx_word' id='word_1_6' title='bbox 732 789 863 842; x_wconf 84' lang='lat' dir='ltr'><strong>moneta</strong></span> <span class='ocrx_word' id='word_1_7' title='bbox 891 774 1012 861; x_wconf 82' lang='lat' dir='ltr'><strong>passim</strong></span> <span class='ocrx_word' id='word_1_8' title='bbox 1034 771 1131 836; x_wconf 88' lang='lat' dir='ltr'><strong>intel·</strong></span> <span class='ocrx_word' id='word_1_9' title='bbox 1208 769 1450 860; x_wconf 74' lang='lat' dir='ltr'><strong>Hercrrles&#39;caes</strong></span> <span class='ocrx_word' id='word_1_10' title='bbox 1464 771 1707 852; x_wconf 77' lang='lat' dir='ltr'><strong>Styaspheiidas</strong></span> <span class='ocrx_word' id='word_1_11' title='bbox 1722 773 1931 850; x_wconf 75' lang='lat' dir='ltr'><strong>sapittisccs-</strong></span> 
     </span>
     <span class='ocr_line' id='line_1_3' title="bbox 360 868 1758 969; baseline -0.009 -23"><span class='ocrx_word' id='word_1_12' title='bbox 360 884 458 969; x_wconf 78' lang='lat' dir='ltr'><strong>ligas.</strong></span> <span class='ocrx_word' id='word_1_13' title='bbox 491 885 735 967; x_wconf 74' lang='lat' dir='ltr'><strong>Harpocratem</strong></span> <span class='ocrx_word' id='word_1_14' title='bbox 755 895 887 965; x_wconf 84' lang='lat' dir='ltr'><strong>queque</strong></span> <span class='ocrx_word' id='word_1_15' title='bbox 911 875 994 939; x_wconf 89' lang='lat' dir='ltr'><strong>sistit</strong></span> <span class='ocrx_word' id='word_1_16' title='bbox 1012 893 1129 938; x_wconf 86' lang='lat' dir='ltr'><strong>numus</strong></span> <span class='ocrx_word' id='word_1_17' title='bbox 1160 872 1272 950; x_wconf 69' lang='lat' dir='ltr'><strong>paras,</strong></span> <span class='ocrx_word' id='word_1_18' title='bbox 1295 868 1464 936; x_wconf 78' lang='lat' dir='ltr'><strong>Gordiani.</strong></span> <span class='ocrx_word' id='word_1_19' title='bbox 1488 872 1590 952; x_wconf 80' lang='lat' dir='ltr'><strong>(llus.</strong></span> <span class='ocrx_word' id='word_1_20' title='bbox 1612 870 1758 948; x_wconf 81' lang='lat' dir='ltr'><strong>Albani.)</strong></span> 
     </span>
     <span class='ocr_line' id='line_1_4' title="bbox 364 969 1929 1068; baseline -0.006 -21"><span class='ocrx_word' id='word_1_21' title='bbox 364 983 539 1068; x_wconf 75' lang='lat' dir='ltr'><strong>Theopoli,</strong></span> <span class='ocrx_word' id='word_1_22' title='bbox 561 983 656 1066; x_wconf 79' lang='lat' dir='ltr'><strong>apin,</strong></span> <span class='ocrx_word' id='word_1_23' title='bbox 680 980 881 1064; x_wconf 78' lang='lat' dir='ltr'><strong>Serapidem,</strong></span> <span class='ocrx_word' id='word_1_24' title='bbox 904 975 1024 1040; x_wconf 81' lang='lat' dir='ltr'><strong>laidem</strong></span> <span class='ocrx_word' id='word_1_25' title='bbox 1039 979 1130 1038; x_wconf 88' lang='lat' dir='ltr'><strong>Hun-</strong></span> <span class='ocrx_word' id='word_1_26' title='bbox 1208 969 1299 1032; x_wconf 88' lang='lat' dir='ltr'><strong>ldem</strong></span> <span class='ocrx_word' id='word_1_27' title='bbox 1319 984 1415 1056; x_wconf 84' lang='lat' dir='ltr'><strong>typus</strong></span> <span class='ocrx_word' id='word_1_28' title='bbox 1430 986 1479 1036; x_wconf 89' lang='lat' dir='ltr'><strong>est</strong></span> <span class='ocrx_word' id='word_1_29' title='bbox 1497 971 1594 1036; x_wconf 85' lang='lat' dir='ltr'><strong>etism</strong></span> <span class='ocrx_word' id='word_1_30' title='bbox 1610 969 1644 1032; x_wconf 90' lang='lat' dir='ltr'><strong>in</strong></span> <span class='ocrx_word' id='word_1_31' title='bbox 1661 991 1761 1035; x_wconf 88' lang='lat' dir='ltr'><strong>numo</strong></span> <span class='ocrx_word' id='word_1_32' title='bbox 1777 975 1929 1050; x_wconf 76' lang='lat' dir='ltr'><strong>Nicaeae,</strong></span> 
     </span>
     <span class='ocr_line' id='line_1_5' title="bbox 363 1071 1763 1165; baseline -0.011 -19"><span class='ocrx_word' id='word_1_33' title='bbox 363 1085 518 1150; x_wconf 82' lang='lat' dir='ltr'><strong>serianus.</strong></span> <span class='ocrx_word' id='word_1_34' title='bbox 547 1087 584 1144; x_wconf 88' lang='lat' dir='ltr'><strong>ln</strong></span> <span class='ocrx_word' id='word_1_35' title='bbox 606 1084 713 1145; x_wconf 86' lang='lat' dir='ltr'><strong>nemis</strong></span> <span class='ocrx_word' id='word_1_36' title='bbox 730 1077 954 1165; x_wconf 85' lang='lat' dir='ltr'><strong>praesentibus</strong></span> <span class='ocrx_word' id='word_1_37' title='bbox 971 1077 1128 1139; x_wconf 88' lang='lat' dir='ltr'><strong>habemus</strong></span> <span class='ocrx_word' id='word_1_38' title='bbox 1165 1085 1199 1134; x_wconf 86' lang='lat' dir='ltr'><strong>et</strong></span> <span class='ocrx_word' id='word_1_39' title='bbox 1220 1071 1449 1136; x_wconf 77' lang='lat' dir='ltr'><strong>Alexandrinis</strong></span> <span class='ocrx_word' id='word_1_40' title='bbox 1467 1071 1633 1136; x_wconf 86' lang='lat' dir='ltr'><strong>Antonini·</strong></span> <span class='ocrx_word' id='word_1_41' title='bbox 1761 1122 1763 1130; x_wconf 88' lang='grc'><em>,</em></span> 
     </span>
     <span class='ocr_line' id='line_1_6' title="bbox 362 1176 1932 1265; baseline -0.008 -16"><span class='ocrx_word' id='word_1_42' title='bbox 362 1187 442 1250; x_wconf 88' lang='lat' dir='ltr'><strong>deos</strong></span> <span class='ocrx_word' id='word_1_43' title='bbox 468 1184 616 1248; x_wconf 87' lang='lat' dir='ltr'><strong>Graecos</strong></span> <span class='ocrx_word' id='word_1_44' title='bbox 653 1202 744 1246; x_wconf 89' lang='lat' dir='ltr'><strong>more</strong></span> <span class='ocrx_word' id='word_1_45' title='bbox 770 1180 935 1265; x_wconf 82' lang='lat' dir='ltr'><strong>Aegyptio</strong></span> <span class='ocrx_word' id='word_1_46' title='bbox 966 1177 1129 1262; x_wconf 89' lang='lat' dir='ltr'><strong>composi·</strong></span> <span class='ocrx_word' id='word_1_47' title='bbox 1204 1176 1349 1234; x_wconf 75' lang='lat' dir='ltr'><strong>Bacchas</strong></span> <span class='ocrx_word' id='word_1_48' title='bbox 1365 1178 1548 1246; x_wconf 75' lang='lat' dir='ltr'><strong>semicrudus</strong></span> <span class='ocrx_word' id='word_1_49' title='bbox 1564 1185 1659 1262; x_wconf 81' lang='lat' dir='ltr'><strong>¹starss</strong></span> <span class='ocrx_word' id='word_1_50' title='bbox 1679 1179 1710 1239; x_wconf 85' lang='lat' dir='ltr'><strong>d.</strong></span> <span class='ocrx_word' id='word_1_51' title='bbox 1732 1179 1890 1255; x_wconf 71' lang='lat' dir='ltr'><strong>thyrsum,</strong></span> <span class='ocrx_word' id='word_1_52' title='bbox 1908 1199 1932 1239; x_wconf 88' lang='lat' dir='ltr'><strong>s.</strong></span> 
     </span>
     <span class='ocr_line' id='line_1_7' title="bbox 362 1276 1934 1370; baseline -0.003 -19"><span class='ocrx_word' id='word_1_53' title='bbox 362 1303 433 1365; x_wconf 89' lang='lat' dir='ltr'><strong>tos,</strong></span> <span class='ocrx_word' id='word_1_54' title='bbox 452 1300 500 1350; x_wconf 71' lang='lat' dir='ltr'><strong>&#39;et</strong></span> <span class='ocrx_word' id='word_1_55' title='bbox 523 1285 675 1370; x_wconf 83' lang='lat' dir='ltr'><strong>quoniam</strong></span> <span class='ocrx_word' id='word_1_56' title='bbox 698 1304 772 1348; x_wconf 82' lang='lat' dir='ltr'><strong>eum</strong></span> <span class='ocrx_word' id='word_1_57' title='bbox 795 1281 942 1346; x_wconf 77' lang='lat' dir='ltr'><strong>Hercule</strong></span> <span class='ocrx_word' id='word_1_58' title='bbox 966 1280 1000 1342; x_wconf 89' lang='lat' dir='ltr'><strong>in</strong></span> <span class='ocrx_word' id='word_1_59' title='bbox 1015 1299 1127 1344; x_wconf 83' lang='lat' dir='ltr'><strong>eversa</strong></span> <span class='ocrx_word' id='word_1_60' title='bbox 1163 1276 1331 1336; x_wconf 74' lang='lat' dir='ltr'><strong>Ariadnes</strong></span> <span class='ocrx_word' id='word_1_61' title='bbox 1344 1277 1433 1336; x_wconf 84' lang='lat' dir='ltr'><strong>humi</strong></span> <span class='ocrx_word' id='word_1_62' title='bbox 1442 1282 1607 1354; x_wconf 80' lang='lat' dir='ltr'><strong>jacentem</strong></span> <span class='ocrx_word' id='word_1_63' title='bbox 1623 1287 1657 1339; x_wconf 88' lang='lat' dir='ltr'><strong>et</strong></span> <span class='ocrx_word' id='word_1_64' title='bbox 1676 1289 1861 1354; x_wconf 84' lang='lat' dir='ltr'><strong>soporatam</strong></span> <span class='ocrx_word' id='word_1_65' title='bbox 1885 1281 1934 1346; x_wconf 84' lang='lat' dir='ltr'><strong>t&#39;tt·</strong></span> 
     </span>
     <span class='ocr_line' id='line_1_8' title="bbox 358 1377 1934 1474; baseline -0.003 -22"><span class='ocrx_word' id='word_1_66' title='bbox 358 1390 506 1474; x_wconf 74' lang='lat' dir='ltr'><strong>jungitur</strong></span> <span class='ocrx_word' id='word_1_67' title='bbox 519 1388 617 1462; x_wconf 85' lang='lat' dir='ltr'><strong>lotus,</strong></span> <span class='ocrx_word' id='word_1_68' title='bbox 639 1385 822 1450; x_wconf 82' lang='lat' dir='ltr'><strong>verisimile</strong></span> <span class='ocrx_word' id='word_1_69' title='bbox 840 1381 1036 1446; x_wconf 82' lang='lat' dir='ltr'><strong>estindicari</strong></span> <span class='ocrx_word' id='word_1_70' title='bbox 1045 1379 1128 1444; x_wconf 79' lang='lat' dir='ltr'><strong>flar-</strong></span> <span class='ocrx_word' id='word_1_71' title='bbox 1162 1378 1286 1438; x_wconf 75' lang='lat' dir='ltr'><strong>dicant·</strong></span> <span class='ocrx_word' id='word_1_72' title='bbox 1321 1377 1479 1438; x_wconf 75' lang='lat' dir='ltr'><strong>Bacchum</strong></span> <span class='ocrx_word' id='word_1_73' title='bbox 1505 1380 1796 1440; x_wconf 74' lang='lat' dir='ltr'><strong>circumstantem</strong></span> <span class='ocrx_word' id='word_1_74' title='bbox 1818 1381 1934 1459; x_wconf 72' lang='lat' dir='ltr'><strong>Satyri</strong></span> 
     </span>
     <span class='ocr_line' id='line_1_9' title="bbox 361 1478 1931 1573; baseline 0.006 -43"><span class='ocrx_word' id='word_1_75' title='bbox 361 1492 470 1554; x_wconf 57' lang='lat' dir='ltr'><strong>„ulem</strong></span> <span class='ocrx_word' id='word_1_76' title='bbox 495 1487 690 1573; x_wconf 56' lang='lat' dir='ltr'><strong>Aegyptium</strong></span> <span class='ocrx_word' id='word_1_77' title='bbox 720 1486 797 1549; x_wconf 68' lang='grc' dir='ltr'><strong>Νῑιο</strong></span> <span class='ocrx_word' id='word_1_78' title='bbox 827 1497 954 1560; x_wconf 49' lang='lat' dir='ltr'><strong>natum,</strong></span> <span class='ocrx_word' id='word_1_79' title='bbox 991 1481 1033 1546; x_wconf 66' lang='lat' dir='ltr'><strong>da</strong></span> <span class='ocrx_word' id='word_1_80' title='bbox 1062 1501 1128 1566; x_wconf 80' lang='lat' dir='ltr'><strong>quo</strong></span> <span class='ocrx_word' id='word_1_81' title='bbox 1164 1478 1311 1548; x_wconf 80' lang='lat' dir='ltr'><em>attoniti,</em></span> <span class='ocrx_word' id='word_1_82' title='bbox 1325 1481 1578 1554; x_wconf 80' lang='lat' dir='ltr'><strong>jeatcatateir</strong></span> <span class='ocrx_word' id='word_1_83' title='bbox 1596 1481 1819 1558; x_wconf 71' lang='lat' dir='ltr'><em>Philosophum</em></span> <span class='ocrx_word' id='word_1_84' title='bbox 1839 1483 1931 1541; x_wconf 81' lang='lat' dir='ltr'><strong>habi·</strong></span> 
     </span>
     <span class='ocr_line' id='line_1_10' title="bbox 357 1579 1930 1672; baseline 0.003 -32"><span class='ocrx_word' id='word_1_85' title='bbox 357 1596 477 1660; x_wconf 57' lang='lat' dir='ltr'><strong>,cicero</strong></span> <span class='ocrx_word' id='word_1_86' title='bbox 496 1599 543 1670; x_wconf 81' lang='lat' dir='ltr'><strong>q),</strong></span> <span class='ocrx_word' id='word_1_87' title='bbox 576 1603 609 1652; x_wconf 86' lang='lat' dir='ltr'><strong>et</strong></span> <span class='ocrx_word' id='word_1_88' title='bbox 630 1607 712 1672; x_wconf 86' lang='lat' dir='ltr'><strong>quae</strong></span> <span class='ocrx_word' id='word_1_89' title='bbox 735 1588 831 1672; x_wconf 87' lang='lat' dir='ltr'><strong>plura</strong></span> <span class='ocrx_word' id='word_1_90' title='bbox 850 1587 883 1648; x_wconf 91' lang='lat' dir='ltr'><strong>in</strong></span> <span class='ocrx_word' id='word_1_91' title='bbox 900 1603 1004 1670; x_wconf 86' lang='lat' dir='ltr'><strong>opere</strong></span> <span class='ocrx_word' id='word_1_92' title='bbox 1029 1583 1128 1647; x_wconf 77' lang='lat' dir='ltr'><strong>citato</strong></span> <span class='ocrx_word' id='word_1_93' title='bbox 1165 1587 1200 1638; x_wconf 82' lang='lat' dir='ltr'><strong>trs</strong></span> <span class='ocrx_word' id='word_1_94' title='bbox 1221 1579 1429 1650; x_wconf 66' lang='lat' dir='ltr'><strong>adsimilatus,</strong></span> <span class='ocrx_word' id='word_1_95' title='bbox 1453 1581 1623 1654; x_wconf 82' lang='lat' dir='ltr'><strong>barbatus,</strong></span> <span class='ocrx_word' id='word_1_96' title='bbox 1660 1585 1790 1644; x_wconf 77' lang='lat' dir='ltr'><strong>indutus</strong></span> <span class='ocrx_word' id='word_1_97' title='bbox 1812 1583 1930 1660; x_wconf 87' lang='lat' dir='ltr'><strong>pallio,</strong></span> 
     </span>
     <span class='ocr_line' id='line_1_11' title="bbox 363 1679 1934 1761; baseline 0.011 -29"><span class='ocrx_word' id='word_1_98' title='bbox 363 1695 466 1761; x_wconf 83' lang='lat' dir='ltr'><strong>attuli.</strong></span> <span class='ocrx_word' id='word_1_99' title='bbox 1165 1699 1191 1740; x_wconf 82' lang='lat' dir='ltr'><strong>a.</strong></span> <span class='ocrx_word' id='word_1_100' title='bbox 1215 1679 1386 1754; x_wconf 85' lang='lat' dir='ltr'><strong>scipionem</strong></span> <span class='ocrx_word' id='word_1_101' title='bbox 1413 1690 1536 1752; x_wconf 76' lang='lat' dir='ltr'><strong>tenens,</strong></span> <span class='ocrx_word' id='word_1_102' title='bbox 1568 1680 1601 1741; x_wconf 91' lang='lat' dir='ltr'><strong>in</strong></span> <span class='ocrx_word' id='word_1_103' title='bbox 1623 1702 1723 1744; x_wconf 89' lang='lat' dir='ltr'><strong>numo</strong></span> <span class='ocrx_word' id='word_1_104' title='bbox 1744 1682 1934 1749; x_wconf 79' lang='lat' dir='ltr'><strong>Alexandri.</strong></span> 
     </span>
     <span class='ocr_line' id='line_1_12' title="bbox 404 1761 1719 1864; baseline 0.005 -29"><span class='ocrx_word' id='word_1_105' title='bbox 404 1801 476 1862; x_wconf 45' lang='grc' dir='ltr'><strong>ΑΕ,</strong></span> <span class='ocrx_word' id='word_1_106' title='bbox 494 1800 532 1860; x_wconf 70' lang='lat' dir='ltr'><strong>R,</strong></span> <span class='ocrx_word' id='word_1_107' title='bbox 884 1761 888 1766; x_wconf 44' lang='grc'>’</span> <span class='ocrx_word' id='word_1_108' title='bbox 1167 1780 1279 1858; x_wconf 85' lang='lat' dir='ltr'><strong>(Numi</strong></span> <span class='ocrx_word' id='word_1_109' title='bbox 1302 1797 1385 1844; x_wconf 82' lang='lat' dir='ltr'><strong>mar.</strong></span> <span class='ocrx_word' id='word_1_110' title='bbox 1408 1781 1495 1844; x_wconf 86' lang='lat' dir='ltr'><strong>mod.</strong></span> <span class='ocrx_word' id='word_1_111' title='bbox 1521 1799 1593 1864; x_wconf 83' lang='lat' dir='ltr'><strong>reg.</strong></span> <span class='ocrx_word' id='word_1_112' title='bbox 1615 1779 1719 1863; x_wconf 87' lang='lat' dir='ltr'><strong>Gall.)</strong></span> 
     </span>
     <span class='ocr_line' id='line_1_13' title="bbox 1207 1877 1934 1971; baseline 0.018 -30"><span class='ocrx_word' id='word_1_113' title='bbox 1207 1877 1411 1962; x_wconf 82' lang='lat' dir='ltr'><strong>singularem</strong></span> <span class='ocrx_word' id='word_1_114' title='bbox 1434 1879 1522 1942; x_wconf 92' lang='lat' dir='ltr'><strong>hunc</strong></span> <span class='ocrx_word' id='word_1_115' title='bbox 1544 1904 1678 1946; x_wconf 86' lang='lat' dir='ltr'><strong>numum</strong></span> <span class='ocrx_word' id='word_1_116' title='bbox 1700 1883 1778 1950; x_wconf 85' lang='lat' dir='ltr'><strong>iacit</strong></span> <span class='ocrx_word' id='word_1_117' title='bbox 1804 1890 1934 1971; x_wconf 85' lang='lat' dir='ltr'><strong>perele-</strong></span> 
     </span>
     <span class='ocr_line' id='line_1_14' title="bbox 1165 1981 1933 2073; baseline 0.014 -33"><span class='ocrx_word' id='word_1_118' title='bbox 1165 1997 1243 2061; x_wconf 81' lang='lat' dir='ltr'><strong>gans</strong></span> <span class='ocrx_word' id='word_1_119' title='bbox 1272 1981 1440 2064; x_wconf 78' lang='lat' dir='ltr'><strong>signorum</strong></span> <span class='ocrx_word' id='word_1_120' title='bbox 1464 1983 1546 2046; x_wconf 85' lang='lat' dir='ltr'><strong>varii</strong></span> <span class='ocrx_word' id='word_1_121' title='bbox 1572 1985 1773 2050; x_wconf 88' lang='lat' dir='ltr'><strong>characteris</strong></span> <span class='ocrx_word' id='word_1_122' title='bbox 1798 2007 1933 2073; x_wconf 87' lang='lat' dir='ltr'><strong>compo·</strong></span> 
     </span>
     <span class='ocr_line' id='line_1_15' title="bbox 405 2065 1931 2174; baseline 0.002 -23"><span class='ocrx_word' id='word_1_123' title='bbox 405 2065 600 2164; x_wconf 69' lang='lat' dir='ltr'><strong>Abundant,</strong></span> <span class='ocrx_word' id='word_1_124' title='bbox 619 2102 654 2150; x_wconf 87' lang='lat' dir='ltr'><strong>et</strong></span> <span class='ocrx_word' id='word_1_125' title='bbox 678 2101 753 2148; x_wconf 89' lang='lat' dir='ltr'><strong>sunt</strong></span> <span class='ocrx_word' id='word_1_126' title='bbox 768 2107 787 2146; x_wconf 88' lang='lat' dir='ltr'><strong>s</strong></span> <span class='ocrx_word' id='word_1_127' title='bbox 804 2083 941 2148; x_wconf 86' lang='lat' dir='ltr'><strong>Claudio</strong></span> <span class='ocrx_word' id='word_1_128' title='bbox 967 2083 1129 2170; x_wconf 79' lang='lat' dir='ltr'><strong>usquead</strong></span> <span class='ocrx_word' id='word_1_129' title='bbox 1165 2081 1250 2146; x_wconf 87' lang='lat' dir='ltr'><strong>sitia.</strong></span> <span class='ocrx_word' id='word_1_130' title='bbox 1274 2085 1513 2167; x_wconf 80' lang='lat' dir='ltr'><strong>Argumentum</strong></span> <span class='ocrx_word' id='word_1_131' title='bbox 1535 2085 1576 2146; x_wconf 86' lang='lat' dir='ltr'><strong>ad</strong></span> <span class='ocrx_word' id='word_1_132' title='bbox 1589 2087 1754 2152; x_wconf 86' lang='lat' dir='ltr'><strong>Bacchum</strong></span> <span class='ocrx_word' id='word_1_133' title='bbox 1775 2090 1931 2174; x_wconf 83' lang='lat' dir='ltr'><strong>pertinet,</strong></span> 
     </span>
     <span class='ocr_line' id='line_1_16' title="bbox 363 2184 1931 2274; baseline 0.001 -20"><span class='ocrx_word' id='word_1_134' title='bbox 363 2189 583 2254; x_wconf 80' lang='lat' dir='ltr'><strong>Valerianum.</strong></span> <span class='ocrx_word' id='word_1_135' title='bbox 607 2187 748 2252; x_wconf 83' lang='lat' dir='ltr'><strong>Maxime</strong></span> <span class='ocrx_word' id='word_1_136' title='bbox 765 2185 922 2261; x_wconf 86' lang='lat' dir='ltr'><strong>illustres,</strong></span> <span class='ocrx_word' id='word_1_137' title='bbox 945 2185 1127 2269; x_wconf 84' lang='lat' dir='ltr'><strong>etquidem</strong></span> <span class='ocrx_word' id='word_1_138' title='bbox 1165 2186 1221 2266; x_wconf 90' lang='lat' dir='ltr'><strong>qui</strong></span> <span class='ocrx_word' id='word_1_139' title='bbox 1240 2184 1405 2248; x_wconf 83' lang='lat' dir='ltr'><strong>Ariadnen</strong></span> <span class='ocrx_word' id='word_1_140' title='bbox 1429 2209 1446 2246; x_wconf 85' lang='lat' dir='ltr'><strong>a</strong></span> <span class='ocrx_word' id='word_1_141' title='bbox 1470 2187 1601 2250; x_wconf 80' lang='lat' dir='ltr'><strong>Theseo</strong></span> <span class='ocrx_word' id='word_1_142' title='bbox 1622 2187 1779 2254; x_wconf 85' lang='lat' dir='ltr'><strong>ininsula</strong></span> <span class='ocrx_word' id='word_1_143' title='bbox 1804 2190 1931 2274; x_wconf 87' lang='lat' dir='ltr'><strong>perfide</strong></span> 
     </span>
     <span class='ocr_line' id='line_1_17' title="bbox 362 2285 1929 2372; baseline 0.002 -20"><span class='ocrx_word' id='word_1_144' title='bbox 362 2293 520 2354; x_wconf 84' lang='lat' dir='ltr'><strong>maximae</strong></span> <span class='ocrx_word' id='word_1_145' title='bbox 545 2291 672 2354; x_wconf 89' lang='lat' dir='ltr'><strong>formae</strong></span> <span class='ocrx_word' id='word_1_146' title='bbox 704 2288 821 2372; x_wconf 80' lang='lat' dir='ltr'><strong>signati</strong></span> <span class='ocrx_word' id='word_1_147' title='bbox 850 2303 924 2350; x_wconf 88' lang='lat' dir='ltr'><strong>sant</strong></span> <span class='ocrx_word' id='word_1_148' title='bbox 947 2287 1128 2372; x_wconf 86' lang='lat' dir='ltr'><strong>imperante</strong></span> <span class='ocrx_word' id='word_1_149' title='bbox 1164 2285 1351 2348; x_wconf 88' lang='lat' dir='ltr'><strong>destitutam</strong></span> <span class='ocrx_word' id='word_1_150' title='bbox 1383 2307 1421 2350; x_wconf 88' lang='lat' dir='ltr'><strong>ac</strong></span> <span class='ocrx_word' id='word_1_151' title='bbox 1451 2308 1530 2370; x_wconf 87' lang='lat' dir='ltr'><strong>prae</strong></span> <span class='ocrx_word' id='word_1_152' title='bbox 1563 2289 1679 2354; x_wconf 90' lang='lat' dir='ltr'><strong>dolore</strong></span> <span class='ocrx_word' id='word_1_153' title='bbox 1707 2293 1929 2356; x_wconf 86' lang='lat' dir='ltr'><strong>semianimem</strong></span> 
     </span>
     <span class='ocr_line' id='line_1_18' title="bbox 363 2385 1934 2477; baseline 0.001 -24"><span class='ocrx_word' id='word_1_154' title='bbox 363 2395 507 2468; x_wconf 84' lang='lat' dir='ltr'><strong>Severo,</strong></span> <span class='ocrx_word' id='word_1_155' title='bbox 545 2391 666 2476; x_wconf 84' lang='lat' dir='ltr'><strong>quippe</strong></span> <span class='ocrx_word' id='word_1_156' title='bbox 696 2391 752 2475; x_wconf 91' lang='lat' dir='ltr'><strong>qui</strong></span> <span class='ocrx_word' id='word_1_157' title='bbox 781 2387 896 2452; x_wconf 89' lang='lat' dir='ltr'><strong>arbem</strong></span> <span class='ocrx_word' id='word_1_158' title='bbox 926 2387 1075 2472; x_wconf 85' lang='lat' dir='ltr'><strong>subjecto</strong></span> <span class='ocrx_word' id='word_1_159' title='bbox 1097 2391 1129 2452; x_wconf 88' lang='lat' dir='ltr'><strong>ei</strong></span> <span class='ocrx_word' id='word_1_160' title='bbox 1165 2385 1306 2470; x_wconf 83' lang='lat' dir='ltr'><strong>reperit,</strong></span> <span class='ocrx_word' id='word_1_161' title='bbox 1337 2385 1464 2470; x_wconf 77' lang='lat' dir='ltr'><strong>sibique</strong></span> <span class='ocrx_word' id='word_1_162' title='bbox 1484 2388 1670 2458; x_wconf 82' lang='lat' dir='ltr'><strong>vindicavit.</strong></span> <span class='ocrx_word' id='word_1_163' title='bbox 1703 2393 1934 2477; x_wconf 80' lang='lat' dir='ltr'><strong>Subphiloso·</strong></span> 
     </span>
     <span class='ocr_line' id='line_1_19' title="bbox 362 2489 1937 2580; baseline 0.003 -26"><span class='ocrx_word' id='word_1_164' title='bbox 362 2493 535 2574; x_wconf 83' lang='lat' dir='ltr'><strong>Byzantio,</strong></span> <span class='ocrx_word' id='word_1_165' title='bbox 559 2493 634 2577; x_wconf 86' lang='lat' dir='ltr'><strong>qaia</strong></span> <span class='ocrx_word' id='word_1_166' title='bbox 652 2492 733 2554; x_wconf 86' lang='lat' dir='ltr'><strong>haec</strong></span> <span class='ocrx_word' id='word_1_167' title='bbox 748 2490 826 2553; x_wconf 85' lang='lat' dir='ltr'><strong>urbs</strong></span> <span class='ocrx_word' id='word_1_168' title='bbox 841 2511 859 2552; x_wconf 85' lang='lat' dir='ltr'><strong>a</strong></span> <span class='ocrx_word' id='word_1_169' title='bbox 877 2491 1131 2556; x_wconf 86' lang='lat' dir='ltr'><strong>Pescenniosts·</strong></span> <span class='ocrx_word' id='word_1_170' title='bbox 1164 2490 1222 2574; x_wconf 87' lang='lat' dir='ltr'><strong>phi</strong></span> <span class='ocrx_word' id='word_1_171' title='bbox 1249 2489 1361 2552; x_wconf 89' lang='lat' dir='ltr'><strong>habitu</strong></span> <span class='ocrx_word' id='word_1_172' title='bbox 1384 2491 1487 2552; x_wconf 88' lang='lat' dir='ltr'><strong>latere</strong></span> <span class='ocrx_word' id='word_1_173' title='bbox 1511 2491 1655 2554; x_wconf 88' lang='lat' dir='ltr'><strong>Silenum</strong></span> <span class='ocrx_word' id='word_1_174' title='bbox 1681 2511 1937 2580; x_wconf 82' lang='lat' dir='ltr'><strong>praeceptorem</strong></span> 
     </span>
     <span class='ocr_line' id='line_1_20' title="bbox 364 2590 1935 2678; baseline -0.006 -20"><span class='ocrx_word' id='word_1_175' title='bbox 364 2595 438 2672; x_wconf 87' lang='lat' dir='ltr'><strong>bat,</strong></span> <span class='ocrx_word' id='word_1_176' title='bbox 461 2593 559 2658; x_wconf 83' lang='lat' dir='ltr'><strong>auxit.</strong></span> <span class='ocrx_word' id='word_1_177' title='bbox 1165 2591 1276 2652; x_wconf 86' lang='lat' dir='ltr'><strong>nullus</strong></span> <span class='ocrx_word' id='word_1_178' title='bbox 1296 2590 1445 2674; x_wconf 81' lang='lat' dir='ltr'><strong>ambigo,</strong></span> <span class='ocrx_word' id='word_1_179' title='bbox 1474 2613 1546 2674; x_wconf 87' lang='lat' dir='ltr'><strong>nam</strong></span> <span class='ocrx_word' id='word_1_180' title='bbox 1577 2607 1610 2656; x_wconf 87' lang='lat' dir='ltr'><strong>et</strong></span> <span class='ocrx_word' id='word_1_181' title='bbox 1635 2591 1668 2654; x_wconf 90' lang='lat' dir='ltr'><strong>in</strong></span> <span class='ocrx_word' id='word_1_182' title='bbox 1692 2614 1819 2678; x_wconf 80' lang='lat' dir='ltr'><strong>gemma</strong></span> <span class='ocrx_word' id='word_1_183' title='bbox 1841 2613 1935 2662; x_wconf 83' lang='lat' dir='ltr'><strong>rete.</strong></span> 
     </span>
     <span class='ocr_line' id='line_1_21' title="bbox 404 2690 1933 2783; baseline 0.003 -23"><span class='ocrx_word' id='word_1_184' title='bbox 404 2699 607 2783; x_wconf 70' lang='lat' dir='ltr'><strong>Epiyraphc:</strong></span> <span class='ocrx_word' id='word_1_185' title='bbox 626 2690 918 2771; x_wconf 82' lang='grc' dir='ltr'><strong>ΠΕΡΙΝΘῙΩΝ,</strong></span> <span class='ocrx_word' id='word_1_186' title='bbox 941 2693 1129 2757; x_wconf 86' lang='lat' dir='ltr'><strong>additosse·</strong></span> <span class='ocrx_word' id='word_1_187' title='bbox 1163 2712 1202 2754; x_wconf 86' lang='lat' dir='ltr'><strong>re</strong></span> <span class='ocrx_word' id='word_1_188' title='bbox 1211 2691 1443 2776; x_wconf 88' lang='lat' dir='ltr'><strong>philosophum</strong></span> <span class='ocrx_word' id='word_1_189' title='bbox 1454 2695 1631 2759; x_wconf 89' lang='lat' dir='ltr'><strong>ementitur</strong></span> <span class='ocrx_word' id='word_1_190' title='bbox 1647 2699 1683 2775; x_wconf 73' lang='grc' dir='ltr'><strong>ς).</strong></span> <span class='ocrx_word' id='word_1_191' title='bbox 1706 2697 1933 2764; x_wconf 87' lang='lat' dir='ltr'><strong>ldemseBac·</strong></span> 
     </span>
     <span class='ocr_line' id='line_1_22' title="bbox 364 2793 1934 2884; baseline -0.005 -26"><span class='ocrx_word' id='word_1_192' title='bbox 364 2819 406 2884; x_wconf 87' lang='lat' dir='ltr'><strong>pe</strong></span> <span class='ocrx_word' id='word_1_193' title='bbox 424 2793 595 2858; x_wconf 84' lang='grc' dir='ltr'>ΙΩΝΩΝ</span> <span class='ocrx_word' id='word_1_194' title='bbox 602 2841 610 2872; x_wconf 92' lang='grc'><em>,</em></span> <span class='ocrx_word' id='word_1_195' title='bbox 635 2809 670 2858; x_wconf 90' lang='lat' dir='ltr'><strong>ut</strong></span> <span class='ocrx_word' id='word_1_196' title='bbox 688 2794 765 2857; x_wconf 82' lang='lat' dir='ltr'><strong>dixi.</strong></span> <span class='ocrx_word' id='word_1_197' title='bbox 1166 2795 1228 2858; x_wconf 89' lang='lat' dir='ltr'><strong>cho</strong></span> <span class='ocrx_word' id='word_1_198' title='bbox 1242 2793 1470 2878; x_wconf 78' lang='lat' dir='ltr'><strong>philosophiae</strong></span> <span class='ocrx_word' id='word_1_199' title='bbox 1483 2815 1660 2883; x_wconf 84' lang='lat' dir='ltr'><strong>praecepta</strong></span> <span class='ocrx_word' id='word_1_200' title='bbox 1675 2799 1847 2865; x_wconf 74' lang='lat' dir='ltr'><strong>tradidisse</strong></span> <span class='ocrx_word' id='word_1_201' title='bbox 1857 2823 1934 2884; x_wconf 74' lang='lat' dir='ltr'><strong>pro.</strong></span> 
     </span>
     <span class='ocr_line' id='line_1_23' title="bbox 407 2893 1932 2989; baseline 0.003 -28"><span class='ocrx_word' id='word_1_202' title='bbox 407 2904 488 2981; x_wconf 62' lang='lat' dir='ltr'><strong>typi</strong></span> <span class='ocrx_word' id='word_1_203' title='bbox 497 2923 508 2960; x_wconf 94' lang='grc'><strong>.·</strong></span> <span class='ocrx_word' id='word_1_204' title='bbox 525 2917 622 2982; x_wconf 89' lang='lat' dir='ltr'><strong>saepe</strong></span> <span class='ocrx_word' id='word_1_205' title='bbox 632 2895 1129 2984; x_wconf 87' lang='lat' dir='ltr'><strong>laboresHerculisproponnnt.</strong></span> <span class='ocrx_word' id='word_1_206' title='bbox 1164 2893 1275 2960; x_wconf 88' lang='lat' dir='ltr'><strong>fitetur</strong></span> <span class='ocrx_word' id='word_1_207' title='bbox 1296 2901 1338 2976; x_wconf 79' lang='lat'><strong>²),</strong></span> <span class='ocrx_word' id='word_1_208' title='bbox 1359 2909 1393 2960; x_wconf 88' lang='lat' dir='ltr'><strong>et</strong></span> <span class='ocrx_word' id='word_1_209' title='bbox 1406 2898 1577 2989; x_wconf 78' lang='lat' dir='ltr'><strong>aVirgilic</strong></span> <span class='ocrx_word' id='word_1_210' title='bbox 1598 2903 1639 2966; x_wconf 92' lang='lat' dir='ltr'><strong>de</strong></span> <span class='ocrx_word' id='word_1_211' title='bbox 1658 2915 1792 2967; x_wconf 88' lang='lat' dir='ltr'><strong>naturae</strong></span> <span class='ocrx_word' id='word_1_212' title='bbox 1807 2907 1932 2966; x_wconf 88' lang='lat' dir='ltr'><strong>arcanis</strong></span> 
     </span>
     <span class='ocr_line' id='line_1_24' title="bbox 362 2997 1934 3090; baseline 0.004 -26"><span class='ocrx_word' id='word_1_213' title='bbox 362 3001 564 3082; x_wconf 82' lang='lat' dir='ltr'><strong>insigniores</strong></span> <span class='ocrx_word' id='word_1_214' title='bbox 593 2998 770 3063; x_wconf 86' lang='lat' dir='ltr'><strong>nonnullos</strong></span> <span class='ocrx_word' id='word_1_215' title='bbox 801 3017 1061 3064; x_wconf 85' lang='lat' dir='ltr'><strong>commemorare</strong></span> <span class='ocrx_word' id='word_1_216' title='bbox 1081 2997 1132 3081; x_wconf 85' lang='lat' dir='ltr'><strong>ju·</strong></span> <span class='ocrx_word' id='word_1_217' title='bbox 1167 2997 1331 3062; x_wconf 83' lang='lat' dir='ltr'><strong>subtiliter</strong></span> <span class='ocrx_word' id='word_1_218' title='bbox 1345 2997 1512 3082; x_wconf 85' lang='lat' dir='ltr'><strong>disputans</strong></span> <span class='ocrx_word' id='word_1_219' title='bbox 1526 3001 1692 3068; x_wconf 85' lang='lat' dir='ltr'><strong>inducitur</strong></span> <span class='ocrx_word' id='word_1_220' title='bbox 1706 3009 1745 3082; x_wconf 82' lang='lat' dir='ltr'><strong>v).</strong></span> <span class='ocrx_word' id='word_1_221' title='bbox 1767 3005 1861 3070; x_wconf 85' lang='lat' dir='ltr'><strong>Adde</strong></span> <span class='ocrx_word' id='word_1_222' title='bbox 1876 3009 1934 3090; x_wconf 78' lang='lat' dir='ltr'><strong>Sy·</strong></span> 
     </span>
     <span class='ocr_line' id='line_1_25' title="bbox 364 3101 1935 3194; baseline 0.011 -38"><span class='ocrx_word' id='word_1_223' title='bbox 364 3113 436 3164; x_wconf 69' lang='lat' dir='ltr'><strong>vat:</strong></span> <span class='ocrx_word' id='word_1_224' title='bbox 1167 3101 1349 3182; x_wconf 63' lang='lat' dir='ltr'><strong>aestumat).</strong></span> <span class='ocrx_word' id='word_1_225' title='bbox 1384 3103 1421 3162; x_wconf 92' lang='lat' dir='ltr'><strong>ln</strong></span> <span class='ocrx_word' id='word_1_226' title='bbox 1446 3104 1571 3183; x_wconf 85' lang='lat' dir='ltr'><strong>pictura</strong></span> <span class='ocrx_word' id='word_1_227' title='bbox 1591 3106 1832 3171; x_wconf 86' lang='lat' dir='ltr'><strong>Herculanensi</strong></span> <span class='ocrx_word' id='word_1_228' title='bbox 1851 3109 1935 3194; x_wconf 86' lang='lat' dir='ltr'><strong>ejus·</strong></span> 
     </span>
     <span class='ocr_line' id='line_1_26' title="bbox 406 3204 1932 3292; baseline 0.005 -28"><span class='ocrx_word' id='word_1_229' title='bbox 406 3206 559 3268; x_wconf 75' lang='lat' dir='ltr'><strong>Hercules</strong></span> <span class='ocrx_word' id='word_1_230' title='bbox 583 3223 695 3281; x_wconf 84' lang='lat' dir='ltr'><strong>aprum</strong></span> <span class='ocrx_word' id='word_1_231' title='bbox 718 3205 983 3282; x_wconf 69' lang='lat' dir='ltr'><strong>Erymanthium</strong></span> <span class='ocrx_word' id='word_1_232' title='bbox 998 3214 1131 3283; x_wconf 78' lang='lat' dir='ltr'><strong>portans</strong></span> <span class='ocrx_word' id='word_1_233' title='bbox 1169 3204 1243 3266; x_wconf 89' lang='lat' dir='ltr'><strong>dem</strong></span> <span class='ocrx_word' id='word_1_234' title='bbox 1257 3205 1442 3290; x_wconf 79' lang='lat' dir='ltr'><strong>argumenti</strong></span> <span class='ocrx_word' id='word_1_235' title='bbox 1453 3207 1557 3268; x_wconf 81' lang='lat' dir='ltr'><strong>adstat</strong></span> <span class='ocrx_word' id='word_1_236' title='bbox 1572 3227 1701 3292; x_wconf 83' lang='lat' dir='ltr'><strong>quaque</strong></span> <span class='ocrx_word' id='word_1_237' title='bbox 1717 3208 1857 3286; x_wconf 85' lang='lat' dir='ltr'><strong>Silenus,</strong></span> <span class='ocrx_word' id='word_1_238' title='bbox 1873 3209 1932 3273; x_wconf 89' lang='lat' dir='ltr'><strong>sed</strong></span> 
     </span>
     <span class='ocr_line' id='line_1_27' title="bbox 365 3297 1641 3390; baseline 0.006 -24"><span class='ocrx_word' id='word_1_239' title='bbox 365 3307 502 3366; x_wconf 78' lang='lat' dir='ltr'><strong>attonita</strong></span> <span class='ocrx_word' id='word_1_240' title='bbox 518 3309 564 3370; x_wconf 86' lang='lat' dir='ltr'><strong>ad</strong></span> <span class='ocrx_word' id='word_1_241' title='bbox 579 3309 637 3368; x_wconf 80' lang='lat' dir='ltr'><strong>iae</strong></span> <span class='ocrx_word' id='word_1_242' title='bbox 654 3307 866 3382; x_wconf 71' lang='lat' dir='ltr'><strong>spectaculum</strong></span> <span class='ocrx_word' id='word_1_243' title='bbox 884 3309 1078 3386; x_wconf 79' lang='lat' dir='ltr'><strong>Eurysthea,</strong></span> <span class='ocrx_word' id='word_1_244' title='bbox 1101 3315 1134 3366; x_wconf 88' lang='lat' dir='ltr'><strong>ct</strong></span> <span class='ocrx_word' id='word_1_245' title='bbox 1169 3303 1281 3367; x_wconf 88' lang='lat' dir='ltr'><strong>habitu</strong></span> <span class='ocrx_word' id='word_1_246' title='bbox 1304 3297 1465 3390; x_wconf 69' lang='lat' dir='ltr'><strong>cultuque*</strong></span> <span class='ocrx_word' id='word_1_247' title='bbox 1481 3299 1578 3374; x_wconf 83' lang='lat' dir='ltr'><strong>sclito</strong></span> <span class='ocrx_word' id='word_1_248' title='bbox 1598 3312 1641 3390; x_wconf 82' lang='lat' dir='ltr'><strong>t).</strong></span> 
     </span>
     <span class='ocr_line' id='line_1_28' title="bbox 368 3407 1933 3492; baseline 0.006 -24"><span class='ocrx_word' id='word_1_249' title='bbox 368 3428 409 3468; x_wconf 82' lang='lat' dir='ltr'><strong>ea</strong></span> <span class='ocrx_word' id='word_1_250' title='bbox 427 3407 533 3481; x_wconf 86' lang='lat' dir='ltr'><strong>dolio,</strong></span> <span class='ocrx_word' id='word_1_251' title='bbox 561 3428 623 3489; x_wconf 78' lang='lat' dir='ltr'><strong>quc</strong></span> <span class='ocrx_word' id='word_1_252' title='bbox 650 3425 684 3468; x_wconf 87' lang='lat' dir='ltr'><strong>ee</strong></span> <span class='ocrx_word' id='word_1_253' title='bbox 704 3417 882 3485; x_wconf 78' lang='lat' dir='ltr'><strong>receperat,</strong></span> <span class='ocrx_word' id='word_1_254' title='bbox 909 3416 1133 3486; x_wconf 82' lang='lat' dir='ltr'><strong>prospectante</strong></span> <span class='ocrx_word' id='word_1_255' title='bbox 1211 3411 1359 3486; x_wconf 83' lang='lat' dir='ltr'><strong>Jappiter</strong></span> <span class='ocrx_word' id='word_1_256' title='bbox 1375 3415 1487 3474; x_wconf 81' lang='lat' dir='ltr'><strong>sedeas</strong></span> <span class='ocrx_word' id='word_1_257' title='bbox 1510 3416 1807 3492; x_wconf 71' lang='lat' dir='ltr'><strong>emmerammum,</strong></span> <span class='ocrx_word' id='word_1_258' title='bbox 1830 3439 1855 3479; x_wconf 85' lang='lat' dir='ltr'><strong>s.</strong></span> <span class='ocrx_word' id='word_1_259' title='bbox 1876 3421 1933 3479; x_wconf 83' lang='lat' dir='ltr'><strong>ha·</strong></span> 
     </span>
     <span class='ocr_line' id='line_1_29' title="bbox 367 3505 1938 3598; baseline 0.008 -30"><span class='ocrx_word' id='word_1_260' title='bbox 367 3511 504 3570; x_wconf 75' lang='lat' dir='ltr'><strong>sublatis</strong></span> <span class='ocrx_word' id='word_1_261' title='bbox 520 3512 585 3569; x_wconf 87' lang='lat' dir='ltr'><strong>cite</strong></span> <span class='ocrx_word' id='word_1_262' title='bbox 599 3510 757 3582; x_wconf 81' lang='lat' dir='ltr'><strong>manibus,</strong></span> <span class='ocrx_word' id='word_1_263' title='bbox 782 3505 939 3568; x_wconf 90' lang='lat' dir='ltr'><strong>Gordiani</strong></span> <span class='ocrx_word' id='word_1_264' title='bbox 950 3527 1033 3572; x_wconf 79' lang='lat' dir='ltr'><strong>max.</strong></span> <span class='ocrx_word' id='word_1_265' title='bbox 1045 3507 1131 3572; x_wconf 90' lang='lat' dir='ltr'><strong>mod.</strong></span> <span class='ocrx_word' id='word_1_266' title='bbox 1171 3521 1266 3584; x_wconf 87' lang='lat' dir='ltr'><strong>stam,</strong></span> <span class='ocrx_word' id='word_1_267' title='bbox 1289 3531 1421 3587; x_wconf 80' lang='lat' dir='ltr'><strong>superae</strong></span> <span class='ocrx_word' id='word_1_268' title='bbox 1439 3515 1514 3574; x_wconf 76' lang='lat' dir='ltr'><strong>laiac</strong></span> <span class='ocrx_word' id='word_1_269' title='bbox 1532 3519 1589 3590; x_wconf 87' lang='lat' dir='ltr'><strong>sci,</strong></span> <span class='ocrx_word' id='word_1_270' title='bbox 1613 3520 1687 3580; x_wconf 79' lang='lat' dir='ltr'><strong>iude</strong></span> <span class='ocrx_word' id='word_1_271' title='bbox 1700 3523 1790 3595; x_wconf 79' lang='lat' dir='ltr'><strong>tuna,</strong></span> <span class='ocrx_word' id='word_1_272' title='bbox 1813 3521 1938 3598; x_wconf 79' lang='lat' dir='ltr'><strong>inferne</strong></span> 
     </span>
     <span class='ocr_line' id='line_1_30' title="bbox 372 3605 1941 3700; baseline 0.008 -30"><span class='ocrx_word' id='word_1_273' title='bbox 372 3609 473 3688; x_wconf 83' lang='lat' dir='ltr'><strong>(Mus.</strong></span> <span class='ocrx_word' id='word_1_274' title='bbox 489 3605 596 3687; x_wconf 84' lang='lat' dir='ltr'><strong>Caes.)</strong></span> <span class='ocrx_word' id='word_1_275' title='bbox 617 3608 721 3670; x_wconf 78' lang='lat' dir='ltr'><strong>Getae</strong></span> <span class='ocrx_word' id='word_1_276' title='bbox 740 3627 781 3671; x_wconf 87' lang='lat' dir='ltr'><strong>m.</strong></span> <span class='ocrx_word' id='word_1_277' title='bbox 799 3628 841 3669; x_wconf 89' lang='lat' dir='ltr'><strong>m.</strong></span> <span class='ocrx_word' id='word_1_278' title='bbox 858 3606 1001 3688; x_wconf 83' lang='lat' dir='ltr'><strong>(Albani,</strong></span> <span class='ocrx_word' id='word_1_279' title='bbox 1024 3611 1061 3673; x_wconf 83' lang='lat' dir='ltr'><strong>C.</strong></span> <span class='ocrx_word' id='word_1_280' title='bbox 1080 3609 1137 3678; x_wconf 80' lang='lat' dir='ltr'><strong>Vi·</strong></span> <span class='ocrx_word' id='word_1_281' title='bbox 1173 3619 1256 3674; x_wconf 84' lang='lat' dir='ltr'><strong>duce</strong></span> <span class='ocrx_word' id='word_1_282' title='bbox 1268 3616 1415 3676; x_wconf 77' lang='lat' dir='ltr'><strong>mulieres</strong></span> <span class='ocrx_word' id='word_1_283' title='bbox 1423 3619 1651 3694; x_wconf 71' lang='lat' dir='ltr'><strong>accersientes,</strong></span> <span class='ocrx_word' id='word_1_284' title='bbox 1670 3631 1703 3681; x_wconf 90' lang='lat' dir='ltr'><strong>et</strong></span> <span class='ocrx_word' id='word_1_285' title='bbox 1716 3623 1941 3700; x_wconf 71' lang='lat' dir='ltr'><strong>sinpulaeccr·</strong></span> 
     </span>
     <span class='ocr_line' id='line_1_31' title="bbox 373 3709 1942 3802; baseline 0.009 -33"><span class='ocrx_word' id='word_1_286' title='bbox 373 3709 465 3789; x_wconf 77' lang='lat' dir='ltr'><strong>izai.)</strong></span> <span class='ocrx_word' id='word_1_287' title='bbox 523 3715 526 3720; x_wconf 87' lang='lat'>&#39;</span> <span class='ocrx_word' id='word_1_288' title='bbox 1173 3732 1217 3774; x_wconf 80' lang='lat' dir='ltr'><strong>aa</strong></span> <span class='ocrx_word' id='word_1_289' title='bbox 1231 3718 1345 3792; x_wconf 83' lang='lat' dir='ltr'><strong>copiae</strong></span> <span class='ocrx_word' id='word_1_290' title='bbox 1359 3725 1508 3783; x_wconf 72' lang='lat' dir='ltr'><strong>caecatas.</strong></span> <span class='ocrx_word' id='word_1_291' title='bbox 1530 3723 1630 3782; x_wconf 83' lang='lat' dir='ltr'><strong>Numi</strong></span> <span class='ocrx_word' id='word_1_292' title='bbox 1643 3741 1734 3784; x_wconf 86' lang='lat' dir='ltr'><strong>aram</strong></span> <span class='ocrx_word' id='word_1_293' title='bbox 1743 3725 1817 3802; x_wconf 74' lang='lat' dir='ltr'><strong>finit</strong></span> <span class='ocrx_word' id='word_1_294' title='bbox 1830 3727 1942 3785; x_wconf 77' lang='lat' dir='ltr'><strong>zodia·</strong></span> 
     </span>
     <span class='ocr_line' id='line_1_32' title="bbox 415 3811 1939 3900; baseline 0.009 -28"><span class='ocrx_word' id='word_1_295' title='bbox 415 3811 540 3873; x_wconf 84' lang='lat' dir='ltr'><strong>Eadem</strong></span> <span class='ocrx_word' id='word_1_296' title='bbox 563 3829 677 3872; x_wconf 82' lang='lat' dir='ltr'><strong>aversa</strong></span> <span class='ocrx_word' id='word_1_297' title='bbox 702 3825 750 3871; x_wconf 86' lang='lat' dir='ltr'><strong>est</strong></span> <span class='ocrx_word' id='word_1_298' title='bbox 769 3811 866 3875; x_wconf 84' lang='lat' dir='ltr'><strong>etism</strong></span> <span class='ocrx_word' id='word_1_299' title='bbox 889 3814 923 3874; x_wconf 87' lang='lat' dir='ltr'><strong>in</strong></span> <span class='ocrx_word' id='word_1_300' title='bbox 942 3834 1040 3879; x_wconf 87' lang='lat' dir='ltr'><strong>numo</strong></span> <span class='ocrx_word' id='word_1_301' title='bbox 1060 3815 1139 3877; x_wconf 86' lang='lat' dir='ltr'><strong>Per·</strong></span> <span class='ocrx_word' id='word_1_302' title='bbox 1174 3837 1248 3889; x_wconf 84' lang='lat' dir='ltr'><strong>cus,</strong></span> <span class='ocrx_word' id='word_1_303' title='bbox 1285 3815 1462 3878; x_wconf 80' lang='lat' dir='ltr'><strong>Alexandri</strong></span> <span class='ocrx_word' id='word_1_304' title='bbox 1492 3819 1568 3884; x_wconf 80' lang='lat' dir='ltr'><strong>Ser.</strong></span> <span class='ocrx_word' id='word_1_305' title='bbox 1599 3823 1708 3900; x_wconf 88' lang='lat' dir='ltr'><strong>(Nam.</strong></span> <span class='ocrx_word' id='word_1_306' title='bbox 1738 3845 1823 3888; x_wconf 85' lang='lat' dir='ltr'><strong>max.</strong></span> <span class='ocrx_word' id='word_1_307' title='bbox 1852 3821 1939 3885; x_wconf 88' lang='lat' dir='ltr'><strong>mod.</strong></span> 
     </span>
     <span class='ocr_line' id='line_1_33' title="bbox 372 3912 1941 4001; baseline 0.009 -27"><span class='ocrx_word' id='word_1_308' title='bbox 372 3915 458 3996; x_wconf 81' lang='lat' dir='ltr'><strong>gumi</strong></span> <span class='ocrx_word' id='word_1_309' title='bbox 476 3912 581 3974; x_wconf 88' lang='lat' dir='ltr'><strong>musei</strong></span> <span class='ocrx_word' id='word_1_310' title='bbox 594 3913 762 3989; x_wconf 87' lang='lat' dir='ltr'><strong>Caesarei,</strong></span> <span class='ocrx_word' id='word_1_311' title='bbox 786 3913 1002 3998; x_wconf 83' lang='lat' dir='ltr'><strong>similemque,</strong></span> <span class='ocrx_word' id='word_1_312' title='bbox 1024 3915 1139 3998; x_wconf 84' lang='lat' dir='ltr'><strong>ssdty·</strong></span> <span class='ocrx_word' id='word_1_313' title='bbox 1173 3918 1367 4001; x_wconf 79' lang='lat' dir='ltr'><strong>reg.=Gall.)</strong></span> <span class='ocrx_word' id='word_1_314' title='bbox 1389 3922 1426 3980; x_wconf 90' lang='lat' dir='ltr'><strong>ln</strong></span> <span class='ocrx_word' id='word_1_315' title='bbox 1446 3918 1510 3982; x_wconf 88' lang='lat' dir='ltr'><strong>alio</strong></span> <span class='ocrx_word' id='word_1_316' title='bbox 1527 3918 1626 3982; x_wconf 89' lang='lat' dir='ltr'><strong>simili</strong></span> <span class='ocrx_word' id='word_1_317' title='bbox 1646 3928 1735 3986; x_wconf 80' lang='lat' dir='ltr'><strong>hacsi</strong></span> <span class='ocrx_word' id='word_1_318' title='bbox 1754 3927 1941 3987; x_wconf 73' lang='lat' dir='ltr'><strong>decumbunt</strong></span> 
     </span>
     <span class='ocr_line' id='line_1_34' title="bbox 375 4005 1942 4107; baseline 0.008 -31"><span class='ocrx_word' id='word_1_319' title='bbox 375 4033 419 4096; x_wconf 88' lang='lat' dir='ltr'><strong>po</strong></span> <span class='ocrx_word' id='word_1_320' title='bbox 441 4005 570 4088; x_wconf 82' lang='lat' dir='ltr'><strong>vitiato,</strong></span> <span class='ocrx_word' id='word_1_321' title='bbox 594 4015 718 4078; x_wconf 89' lang='lat' dir='ltr'><strong>editum</strong></span> <span class='ocrx_word' id='word_1_322' title='bbox 745 4015 843 4080; x_wconf 81' lang='lat' dir='ltr'><strong>rideo</strong></span> <span class='ocrx_word' id='word_1_323' title='bbox 868 4017 901 4078; x_wconf 88' lang='lat' dir='ltr'><strong>in</strong></span> <span class='ocrx_word' id='word_1_324' title='bbox 916 4019 1047 4087; x_wconf 87' lang='lat' dir='ltr'><strong>Verona</strong></span> <span class='ocrx_word' id='word_1_325' title='bbox 1065 4019 1141 4080; x_wconf 90' lang='lat' dir='ltr'><strong>illu·</strong></span> <span class='ocrx_word' id='word_1_326' title='bbox 1176 4025 1250 4083; x_wconf 83' lang='lat' dir='ltr'><strong>hiac</strong></span> <span class='ocrx_word' id='word_1_327' title='bbox 1263 4023 1387 4096; x_wconf 83' lang='lat' dir='ltr'><strong>melier,</strong></span> <span class='ocrx_word' id='word_1_328' title='bbox 1409 4023 1484 4082; x_wconf 83' lang='lat' dir='ltr'><strong>iada</strong></span> <span class='ocrx_word' id='word_1_329' title='bbox 1494 4023 1623 4100; x_wconf 72' lang='lat' dir='ltr'><strong>siccius.</strong></span> <span class='ocrx_word' id='word_1_330' title='bbox 1647 4019 1749 4105; x_wconf 85' lang='lat' dir='ltr'><strong>(Mus.</strong></span> <span class='ocrx_word' id='word_1_331' title='bbox 1758 4027 1804 4090; x_wconf 86' lang='grc' dir='ltr'><strong>Μ.</strong></span> <span class='ocrx_word' id='word_1_332' title='bbox 1813 4026 1942 4107; x_wconf 88' lang='lat' dir='ltr'><strong>Ducis).</strong></span> 
     </span>
     <span class='ocr_line' id='line_1_35' title="bbox 378 4112 1942 4211; baseline 0.01 -37"><span class='ocrx_word' id='word_1_333' title='bbox 378 4127 476 4176; x_wconf 88' lang='lat' dir='ltr'><strong>strata</strong></span> <span class='ocrx_word' id='word_1_334' title='bbox 491 4117 528 4188; x_wconf 72' lang='lat'><strong>¹).</strong></span> <span class='ocrx_word' id='word_1_335' title='bbox 552 4112 643 4176; x_wconf 85' lang='lat' dir='ltr'><strong>Adde</strong></span> <span class='ocrx_word' id='word_1_336' title='bbox 661 4116 901 4181; x_wconf 82' lang='lat' dir='ltr'><strong>Alexandrinos</strong></span> <span class='ocrx_word' id='word_1_337' title='bbox 915 4119 1081 4185; x_wconf 86' lang='lat' dir='ltr'><strong>Antonini.</strong></span> <span class='ocrx_word' id='word_1_338' title='bbox 1104 4125 1141 4185; x_wconf 88' lang='lat' dir='ltr'><strong>ln</strong></span> <span class='ocrx_word' id='word_1_339' title='bbox 1220 4121 1359 4184; x_wconf 88' lang='lat' dir='ltr'><strong>illustris</strong></span> <span class='ocrx_word' id='word_1_340' title='bbox 1378 4135 1473 4205; x_wconf 84' lang='lat' dir='ltr'><strong>typus</strong></span> <span class='ocrx_word' id='word_1_341' title='bbox 1490 4123 1584 4188; x_wconf 80' lang='lat' dir='ltr'><strong>Joris</strong></span> <span class='ocrx_word' id='word_1_342' title='bbox 1609 4125 1740 4189; x_wconf 90' lang='lat' dir='ltr'><strong>coelum</strong></span> <span class='ocrx_word' id='word_1_343' title='bbox 1754 4139 1942 4211; x_wconf 86' lang='lat' dir='ltr'><strong>terramque</strong></span> 
     </span>
    </p>
   </div>
   <div class='ocr_carea' id='block_1_3' title="bbox 378 4216 1943 4392">
    <p class='ocr_par' dir='ltr' id='par_1_3' title="bbox 378 4216 1943 4392">
     <span class='ocr_line' id='line_1_36' title="bbox 378 4216 1943 4308; baseline 0.008 -32"><span class='ocrx_word' id='word_1_344' title='bbox 378 4235 476 4279; x_wconf 89' lang='lat' dir='ltr'><strong>numo</strong></span> <span class='ocrx_word' id='word_1_345' title='bbox 498 4216 646 4278; x_wconf 88' lang='lat' dir='ltr'><strong>Postumi</strong></span> <span class='ocrx_word' id='word_1_346' title='bbox 670 4238 742 4282; x_wconf 87' lang='lat' dir='ltr'><strong>cum</strong></span> <span class='ocrx_word' id='word_1_347' title='bbox 766 4219 864 4280; x_wconf 88' lang='lat' dir='ltr'><strong>simili</strong></span> <span class='ocrx_word' id='word_1_348' title='bbox 890 4223 1142 4308; x_wconf 83' lang='lat' dir='ltr'><strong>typoscriptum</strong></span> <span class='ocrx_word' id='word_1_349' title='bbox 1177 4223 1356 4287; x_wconf 90' lang='lat' dir='ltr'><strong>secundum</strong></span> <span class='ocrx_word' id='word_1_350' title='bbox 1382 4237 1531 4288; x_wconf 84' lang='lat' dir='ltr'><strong>veterum</strong></span> <span class='ocrx_word' id='word_1_351' title='bbox 1565 4227 1745 4294; x_wconf 87' lang='lat' dir='ltr'><strong>doctrinam</strong></span> <span class='ocrx_word' id='word_1_352' title='bbox 1770 4243 1854 4300; x_wconf 81' lang='lat' dir='ltr'><strong>nutu</strong></span> <span class='ocrx_word' id='word_1_353' title='bbox 1876 4247 1943 4288; x_wconf 91' lang='lat' dir='ltr'><strong>mo·</strong></span> 
     </span>
     <span class='ocr_line' id='line_1_37' title="bbox 381 4317 1335 4392; baseline 0.007 -10"><span class='ocrx_word' id='word_1_354' title='bbox 381 4331 448 4382; x_wconf 88' lang='lat' dir='ltr'><strong>est:</strong></span> <span class='ocrx_word' id='word_1_355' title='bbox 470 4317 673 4384; x_wconf 85' lang='lat' dir='ltr'><strong>HERCVLI.</strong></span> <span class='ocrx_word' id='word_1_356' title='bbox 698 4319 1059 4392; x_wconf 82' lang='lat' dir='ltr'><strong>ERTMAN&#39;I&#39;HINO.</strong></span> <span class='ocrx_word' id='word_1_357' title='bbox 1179 4325 1335 4390; x_wconf 76' lang='lat' dir='ltr'><strong>decentis.</strong></span> 
     </span>
    </p>
   </div>
   <div class='ocr_carea' id='block_1_4' title="bbox 596 1952 886 2030">
    <p class='ocr_par' dir='ltr' id='par_1_4' title="bbox 596 1952 886 2030">
     <span class='ocr_line' id='line_1_38' title="bbox 596 1952 886 2030; baseline -0.014 -18"><span class='ocrx_word' id='word_1_358' title='bbox 596 1952 886 2030; x_wconf 82' lang='lat' dir='ltr'><strong>imperatorii.</strong></span> 
     </span>
    </p>
   </div>
   <div class='ocr_carea' id='block_1_5' title="bbox 405 4516 1943 4738">
    <p class='ocr_par' dir='ltr' id='par_1_5' title="bbox 405 4516 1943 4738">
     <span class='ocr_line' id='line_1_39' title="bbox 405 4516 1943 4650; baseline 0.008 -40"><span class='ocrx_word' id='word_1_359' title='bbox 405 4569 410 4578; x_wconf 81' lang='grc'>’</span> <span class='ocrx_word' id='word_1_360' title='bbox 502 4516 851 4626; x_wconf 79' lang='lat' dir='ltr'><strong>q)i)cNat.deor.L.lll.</strong></span> <span class='ocrx_word' id='word_1_361' title='bbox 919 4565 1226 4646; x_wconf 76' lang='lat' dir='ltr'><strong>&#39;r)Psrt.1[l.p.235·</strong></span> <span class='ocrx_word' id='word_1_362' title='bbox 1316 4565 1943 4650; x_wconf 69' lang='lat' dir='ltr'><strong>⁸)Winltelm.Pier1·.grat.p.236.n1470.</strong></span> 
     </span>
     <span class='ocr_line' id='line_1_40' title="bbox 409 4645 1843 4738; baseline 0.013 -34"><span class='ocrx_word' id='word_1_363' title='bbox 409 4645 659 4720; x_wconf 63' lang='lat' dir='ltr'><strong>detestabant</strong></span> <span class='ocrx_word' id='word_1_364' title='bbox 675 4649 703 4706; x_wconf 91' lang='lat' dir='ltr'><strong>in</strong></span> <span class='ocrx_word' id='word_1_365' title='bbox 717 4649 825 4711; x_wconf 87' lang='lat' dir='ltr'><strong>Probo.</strong></span> <span class='ocrx_word' id='word_1_366' title='bbox 911 4655 1110 4732; x_wconf 77' lang='lat' dir='ltr'><strong>v)Eetog.v1.</strong></span> <span class='ocrx_word' id='word_1_367' title='bbox 1195 4654 1445 4738; x_wconf 80' lang='lat' dir='ltr'><strong>¹)Encom.calv.</strong></span> <span class='ocrx_word' id='word_1_368' title='bbox 1534 4657 1843 4732; x_wconf 69' lang='lat' dir='ltr'><strong>tl&#39;I&#39;omll‘l&#39;alaid·</strong></span> 
     </span>
    </p>
   </div>
   <div class='ocr_carea' id='block_1_6' title="bbox 0 0 2160 5494">
    <p class='ocr_par' dir='ltr' id='par_1_6' title="bbox 0 0 2160 5494">
     <span class='ocr_line' id='line_1_41' title="bbox 0 0 2160 5494; baseline 0 0"><span class='ocrx_word' id='word_1_369' title='bbox 0 0 2160 5494; x_wconf 95' lang='lat' dir='ltr'><strong> </strong></span> 
     </span>
    </p>
   </div>
  </div>
 </body>
</html>
