4270 5488
340 582 483 644 m,
854 506 1383 628 coRcYRn

337 733 433 814 clyto.
470 726 560 792 Olim
586 725 845 802 dictionaria,
869 724 1104 803 ethabitataa
1139 721 1238 784 bilior
1269 742 1400 797 averae,
1428 739 1512 805 quae
1540 743 1582 788 ex
1603 725 1725 811 Begeri
1748 728 1907 793 contentia

335 827 729 898 Phaeacibuallomericu
746 823 1041 910 poeaicelebratia,
1058 823 1104 886 ali·
1140 823 1325 889 celebratos
1366 815 1416 884 ab¹
1437 825 1584 888 Homero
1617 829 1746 892 Alcinoi
1782 819 1907 907 hort'oa,

322 911 387 1001 'ota
411 918 822 1012 aubinde'Corcyra‚hodie
841 929 955 1008 Corsis,
976 925 1103 1012 fuitque
1139 925 1196 1012 qai
1225 925 1308 989 hane
1346 923 1505 1002 insulam,
1534 926 1612 1016 olim
1641 929 1824 1018 Phaeacum
1861 931 1908 994 di·

323 1013 455 1110 ¹uuuer
469 1031 618 1108 Corinthi
635 1029 792 1108 coloniis,
815 1043 849 1091 nt
866 1027 1005 1094 dicetur.
1133 1017 1240 1104 ctam,
1286 1014 1453 1089 celebrem
1493 1026 1713 1110 reddideras
1739 1031 1904 1120 proponit,
1960 1099 1966 1104 ,

323 1117 326 1124 ’
411 1115 438 1134 ”
1137 1129 1226 1214 quod
1254 1127 1411 1212 judicium
1441 1128 1622 1212 antiquarii·
1639 1145 1814 1213 requenter
1841 1155 1907 1196 aru·

1136 1231 1226 1314 plexi
1247 1243 1331 1293 aunt.
1370 1229 1413 1290 At
1437 1229 1690 1332 Barthelemyup
1711 1209 1901 1314 quadratum

327 1331 441 1440 “Bor
467 1342 602 1402 vitulum
632 1340 939 1416 taceam,‚auparaa
969 1345 1101 1408 autrum,
1136 1329 1219 1394 illud
1246 1330 1401 1416 reliquias
1431 1331 1551 1393 veterio
1588 1347 1621 1394 et
1649 1331 1798 1394 informia
1829 1353 1904 1414 qua·

246 1507 251 1514 ,
332 1465 431 1521 prora
452 1431 779 1502 naviaetc.1KOP.
802 1439 1101 1500 Arealineutraua·
1136 1433 1235 1508 drati,
1263 1434 1296 1496 in
1319 1452 1394 1494 area
1416 1431 1711 1496 retuatitaimorum
1733 1452 1904 1496 numorurn

335 1533 430 1605 ceruit
455 1552 488 1603 et
503 1541 643 1622 ylcbula'a
665 1541 699 1597 iu
719 1547 855 1620 quatuor
872 1546 984 1616 parter
1002 1547 1100 1620 aecta,
1135 1523 1254 1597 hiantia
1275 1548 1366 1615 putat
1388 1528 1424 1618 ¹).
1446 1517 1639 1617 Praeplacet
1660 1545 1754 1598 retur
1781 1536 1904 1620 opinio,

255 1668 259 1676 “
328 1646 416 1722 soria
440 1646 535 1706 ouria
559 1642 726 1704 attributa.
751 1635 1102 1715 AR.11.(Mua.caes.
1138 1655 1233 1718 quam
1288 1635 1367 1696 alibi
1396 1635 1520 1718 'etiam
1575 1633 1722 1700 stabilire
1773 1637 1903 1702 adnisus

334 1742 439 1824 alibi.)
1139 1757 1209 1799 aum
1230 1737 1283 1818 ¹¹¹).
1326 1739 1408 1800 Nem
1436 1738 1462 1800 1.
1492 1735 1685 1822 quadratum
1716 1737 1799 1802 illud
1828 1741 1904 1803 rati·

376 1849 441 1906 Bor
462 1846 597 1906 uitulum
615 1845 752 1907 lactaria.
776 1835 799 1898 ἶ
821 1843 901 1904 Sine
922 1843 1102 1922 epa'yraplre.
1139 1837 1309 1902 commode
1332 1859 1407 1901 cum
1430 1827 1599 1900 hortorum
1621 1837 1780 1923 imagine,
1809 1862 1903 1927 qnam

335 1947 475 2008 Artrum.
498 1942 567 2009 AR.
582 1943 623 2007 11.
646 1931 807 2012 (Pellerin
830 1941 1104 2010 Rec.1.rab.x1‚
1139 1939 1234 2002 nobis
1254 1940 1357 2024 pinxit
1374 1941 1556 2015 Homerus,
1578 1941 1753 2026 conspirat.
1769 1944 1808 2006 ll.
1831 1943 1904 2005 Nou

336 2065 368 2110 u.
391 2043 440 2124 8.)
1140 2037 1271 2102 ridetur
1300 2040 1478 2119 credibile,
1502 2041 1743 2125 Apolloniatae,
1766 2057 1799 2104 et
1820 2044 1904 2124 Dyr·

360 2147 493 2220 Dicta,
517 2149 552 2204 iar
573 2147 978 2223 aliiajatctaltanrdr‘ota
999 2147 1105 2204 aanor
1139 2141 1339 2216 chrocherco,
1383 2165 1449 2228 quo
1488 2162 1524 2206 ac
1568 2144 1703 2232 colonos
1742 2144 1905 2222 Corcyrae

335 2247 469 2308 alteriue
495 2246 638 2324 formae,
677 2255 710 2308 ct
744 2266 801 2318 ona
836 2255 1009 2320 morotum,
1046 2249 1105 2306 ad·
1139 2240 1390 2328 profiterentur,
1419 2243 1603 2327 symbolum
1633 2242 1746 2304 sterile
1768 2263 1806 2305 ac
1826 2243 1905 2326 jeju·

336 2349 454 2426 scripto
469 2343 526 2406 KI.
545 2341 568 2403 ἶ
585 2343 685 2408 ΚΟΡ.
706 2349 741 2407 a’u
758 2347 835 2406 aliia
857 2339 1102 2410 ΚΟΡΚΤΡΑῘ.
1139 2365 1231 2418 num,
1256 2347 1352 2428 quale
1374 2360 1463 2408 occet
1485 2355 1710 2408 ornamentum
1732 2343 1815 2424 illuri
1836 2344 1907 2405 nul·

334 2451 487 2523 acrtptcm
510 2449 597 2508 iutra
614 2449 724 2508 radica
738 2449 829 2508 artri.
846 2445 912 2505 AR.
933 2446 987 2510 lli.
1004 2446 1102 2520 (Mus.
1139 2443 1173 2504 lo
1195 2463 1309 2523 aenou,
1333 2447 1475 2512 roluiaae
1500 2459 1649 2507 tuonetae
1667 2460 1744 2507 auae
1771 2445 1905 2508 inferre.

337 2545 446 2624 Caes.)
1139 2547 1195 2609 Ill.
1218 2548 1251 2609 Si
1272 2546 1462 2632 quadratum
1485 2545 1573 2621 iatutl
1594 2541 1708 2607 demus
1735 2547 1908 2610 ancorariu-

325 2643 345 2660 ”
376 2635 615 2709 ΚΟΡΚῩΡΔῘ.
650 2652 714 2712 Boc
752 2645 914 2710 Himida'ua.
944 2643 968 2706 Ξ
1001 2650 1105 2709 Bimae
1140 2667 1175 2710 ao
1215 2648 1248 2707 in
1284 2649 1392 2711 locum
1422 2647 1543 2708 veteris
1572 2647 1721 2709 informia
1750 2648 1909 2732 quadrati,

316 2754 634 2834 'uacuoquadratan
656 2752 839 2834 inquorum
853 2752 1104 2825 medicantum,
1141 2749 1223 2810 nihil
1260 2750 1372 2825 obeat,
1402 2769 1466 2832 quo
1494 2748 1600 2810 minua
1621 2747 1710 2810 idem
1733 2749 1909 2814 rentiamua

335 2857 370 2914 r'n
400 2871 479 2914 areu
512 2853 586 2912 laiac
608 2853 731 2928 horrca,
762 2855 836 2914 iuda
855 2853 961 2928 diota,
985 2861 1017 2912 et
1046 2851 1105 2918 ΚΙ.
1141 2851 1182 2912 de
1222 2849 1397 2936 quadrato,
1443 2848 1531 2932 quod
1571 2863 1676 2912 exstat
1723 2850 1757 2910 in
1802 2852 1909 2915 numia

335 2953 404 3016 AR.
420 2953 459 3013 ll.
475 2949 700 3031 (Mnu‘Cacs.)
1142 2955 1272 3028 Cnoaai,
1312 2951 1398 3034 quod
1428 2952 1468 3013 ab
1498 2950 1648 3013 omuibus
1675 2971 1735 3035 pro
1759 2950 1908 3015 ‹lecanta-

377 3053 507 3114 Primus
539 3065 635 3136 atque
667 3052 750 3114 alter
781 3073 822 3114 ex
853 3051 958 3115 citatis
988 3051 1022 3113 in
1052 3073 1107 3114 an·
1141 3065 1175 3116 to
1212 3051 1397 3136 labyrintho
1428 3053 1577 3114 hahetur.
1630 3056 1672 3120 Vt
1711 3071 1793 3134 ergo
1826 3054 1908 3116 haec

262 3221 265 3244 Ι
330 3137 532 3236 ¹tiquioribus
591 3157 752 3234 Corcyrae
804 3155 908 3216 numia
951 3151 1105 3216 habendi.
1142 3155 1258 3217 Cretae
1289 3155 1369 3216 urba
1390 3151 1605 3238 honorificum
1634 3153 1697 3216 aibi
1720 3154 1829 3230 duxit,
1854 3175 1908 3216 ve·

200 3289 204 3296 ·
326 3252 487 3314 ‘Alterum
518 3254 773 3340 anepigraphum
795 3255 995 3317 Pelleriniua
1017 3257 1106 3336 Dyr-
1142 3245 1213 3317 tere
1242 3257 1305 3318 hoc
1334 3255 1423 3318 urbia
1453 3277 1530 3344 auae
1560 3269 1768 3320 monumento
1798 3256 1830 3316 iu
1852 3275 1909 3336 pu·

337 3353 513 3420 rhachenia
542 3358 695 3434 inseruit,
725 3355 783 3419 aed
806 3356 882 3418 actia
906 3371 1039 3438 apparet
1064 3377 1105 3418 ex
1140 3355 1226 3419 blica
1256 3373 1386 3422 moneta
1417 3357 1575 3441 gloriari,
1604 3355 1651 3420 uic
1673 3369 1706 3420 et
1728 3359 1909 3438 Corcyreo·

338 3476 438 3518 numo
462 3459 500 3533 1.,·
521 3478 559 3522 ac
581 3459 756 3542 praecipue
778 3457 834 3524 ill.
865 3469 899 3520 et
922 3456 1104 3534 lV.‚fuiaae
1142 3451 1229 3518 aihua
1260 3455 1416 3522 decorum
1453 3463 1575 3535 risum,
1604 3457 1725 3522 veteris
1748 3459 1797 3518 aui
1819 3457 1908 3542 regia

337 3561 460 3624 autrum
492 3549 632 3644 q'uoque'
652 3560 683 3621 in
708 3559 811 3623 aolitia
835 3561 998 3640 Corcyrae
1021 3579 1105 3641 aym·
1142 3541 1348 3634 memoriam,
1373 3553 1414 3622 'et
1443 3559 1528 3622 culta
1557 3557 1597 3620 ab
1627 3577 1667 3619 eo
1688 3541 1835 3642 pomaria
1855 3579 1926 3622 rev

338 3659 436 3727 belia.
1141 3659 1307 3722 suscitare.
1339 3661 1395 3728 lv.
1424 3663 1471 3720 Ex
1487 3658 1635 3743 pluribus
1656 3661 1816 3744 exemplis
1836 3659 1908 3722 aliia

380 3764 492 3844 Typua
516 3775 655 3846 uterque
676 3761 765 3824 numi
791 3763 816 3823 1.
841 3761 874 3820 in
893 3779 1105 3844 numoaquo·
1141 3761 1218 3823 aatia
1246 3745 1386 3840 constat,
1417 3749 1515 3823 urhea
1546 3761 1699 3823 Graecae.
1717 3780 1845 3824 nummo
1872 3758 1908 3822 id

272 3924 276 3936 ,
339 3883 403 3946 que
445 3861 639 3946 Apolloniae
683 3879 716 3926 ct
759 3861 956 3946 Dyrrhachii
1000 3859 1104 3937 iluxit,
1141 3859 1203 3921 cibi
1235 3861 1352 3925 honori
1380 3863 1531 3936 duxisse,
1553 3861 1580 3922 ai
1603 3859 1681 3944 quid
1702 3881 1813 3923 rerum
1836 3883 1909 3926 rnu-

338 3981 417 4044 qnaa
452 3977 580 4025 conatat
614 3961 715 4026 fuisse
746 3966 908 4048 Corcyrae
948 3960 1103 4029 coloniae.
1139 3982 1212 4023 rum
1231 3963 1380 4027 Homeri
1414 3961 1562 4030 rer'aibua
1596 3960 1798 4024 celebratum
1826 3974 1906 4034 erat,
2013 3971 2019 3981 '

340 4057 451 4154 Quare
484 4061 518 4122 in
548 4063 645 4147 hujus
672 4065 798 4128 insulae
830 4078 976 4139 moneta,
1016 4065 1107 4128 velut
1142 4065 1238 4148 aitque
1268 4065 1303 4127 id
1333 4066 1437 4150 ipram
1470 4061 1615 4126 studiose
1644 4078 1794 4126 monetae
1828 4083 1905 4125 auae

337 4165 481 4244 patriae,
510 4163 577 4246 typi
600 4169 758 4229 sententia
779 4166 1013 4250 investiganda.
1041 4165 1106 4227 Au·
1140 4169 1298 4242 incerere¹
1324 4165 1507 4228 ambiviaae.
1553 4163 1651 4261 Quod
1681 4162 1789 4246 iprum
1823 4161 1906 4226 adeo

243 4299 248 4306 ·
338 4263 404 4327 tica
430 4263 524 4331 haud
560 4263 656 4328 dubie
692 4269 776 4332 laeta
811 4255 936 4331 insulae
975 4281 1104 4350 pasena,
1139 4267 1301 4351 placuisse
1324 4265 1581 4347 'Corcyrenaibus
1603 4277 1727 4330 certum
1748 4265 1907 4342 rideatur,

324 4379 373 4428 'et
408 4376 628 4428 armentorum
660 4370 787 4453 copiam
818 4370 997 4453 praedicat.
1039 4371 1104 4432 No·
1135 4369 1316 4456 ,praecipua
1336 4387 1408 4430 cum
1425 4389 1492 4430 non
1509 4355 1612 4430 semel
1626 4365 1659 4427 in
1679 4367 1784 4431 oeulia
1806 4366 1907 4429 Grae·

603 1201 830 1261 Autonomr'.

333 4537 340 4546 ι
457 4567 484 4647 ¹)
504 4533 640 4656 Mequ‘ll·
660 4535 693 4641 Li.
712 4584 748 4641 T.
766 4583 872 4648 XXIV.
892 4604 922 4662 p.
941 4592 986 4646 δῦ.
1065 4581 1104 4655 ¹¹²)
1123 4579 1288 4644 Namnet.
1306 4601 1340 4659 p·
1359 4587 1423 4666 1105.
