4232 5488
316 590 387 666 22„
832 543 1347 688 ncttlrn

319 765 385 815 „m
430 743 661 832 prodigiosus,
708 753 881 826 monsque
925 761 1091 818 numurus,
1129 759 1201 802 rum
1230 739 1339 824 portio
1368 737 1528 804 oederent
1556 739 1589 806 in
1618 745 1794 825 primitias,
1817 767 1898 832 quas

262 929 265 936 .
322 864 443 938 (Imm
475 869 532 911 ρο.
563 845 669 908 indies
698 863 760 928 per
783 843 924 906 Siciliam
949 841 1092 928 reperiri
1129 842 1305 924 metropoli
1328 839 1475 908 coloniae
1498 843 1628 908 mittere
1647 863 1899 928 consueverunt,

323 973 421 1038 supra
438 949 675 1022 demonstravi,¹
689 945 900 1008 domesticam
916 946 999 1008 banc
1015 943 1093 1008 fuis·
1128 957 1184 1006 sut
1205 943 1420 1006 caerimonias
1440 965 1548 1010 sacrm
1570 947 1603 1008 in
1625 951 1802 1033 metropoli
1830 953 1901 1016 obi-

321 1076 357 1119 ce
382 1056 615 1136 Syracusarum
641 1063 805 1112 monetam
836 1047 934 1131 plano
961 1067 1092 1130 persua·
1127 1046 1158 1108 ri
1183 1043 1313 1121 solitas,
1337 1045 1378 1106 de
1400 1045 1518 1130 quibus
1540 1047 1763 1133 metropoleos
1785 1051 1818 1114 in
1844 1074 1900 1118 cc·

323 1159 390 1222 det.
434 1159 477 1224 Vt
501 1153 622 1218 factum
650 1167 819 1225 tenemus,
843 1151 1013 1212 itartamen
1033 1147 1092 1208 rui·
1127 1147 1232 1209 lunias
1257 1163 1330 1208 snas
1346 1145 1471 1228 juribus
1488 1147 1608 1212 codem
1626 1149 1701 1214 loco
1717 1151 1813 1217 latius
1833 1158 1902 1240 egi.

319 1281 380 1323 nu,
415 1277 487 1322 em
519 1247 617 1321 facile
640 1251 807 1336 intelligor
838 1263 928 1312 certa
954 1249 1090 1333 quadam
1127 1247 1195 1332 Sed
1220 1248 1308 1310 anim
1332 1247 1392 1310 bos
1421 1269 1553 1334 quoque
1577 1252 1666 1335 ipsos
1690 1275 1807 1317 numos
1831 1255 1901 1320 fra·

320 1363 448 1426 mione
477 1354 654 1420 conciliare
679 1373 756 1416 cum
778 1351 840 1414 buc
861 1351 1022 1428 sententia
1041 1366 1091 1410 ra·
1126 1345 1278 1437 quentim
1308 1349 1450 1430 reperiri
1472 1349 1508 1413 in
1536 1351 1666 1432 Sicilia,
1696 1355 1836 1442 perinde
1860 1377 1900 1423 sc

321 1465 447 1538 tiones,
478 1481 556 1545 quaa
587 1457 693 1541 capita
723 1459 749 1521 1.
786 1450 945 1518 Corintho
974 1449 1089 1516 favere
1125 1474 1242 1516 numos
1261 1453 1358 1516 litera
1383 1453 1576 1534 (luctatos,
1599 1477 1640 1519 eo
1665 1478 1731 1521 uon
1757 1459 1901 1526 obscuro

231 1641 233 1646 Α
321 1567 473 1632 diximum
666 1557 689 1565 “·
1125 1569 1236 1638 potent
1265 1553 1396 1638 colligi,
1425 1553 1513 1637 quod
1542 1555 1629 1619 inter
1657 1559 1690 1619 id
1714 1579 1817 1643 gaunt
1839 1583 1900 1624 nu·

964 1689 967 1700 ·
1125 1677 1216 1732 mos,
1253 1677 1335 1742 qnos
1372 1675 1491 1741 magno
1519 1677 1660 1722 numero
1687 1661 1807 1727 Carolo
1836 1663 1894 1734 vt„

543 1717 620 1780 CA
640 1717 667 1778 Ρ
689 1715 770 1778 VT
806 1713 865 1776 W·
1124 1759 1209 1840 Aug.
1233 1779 1274 1822 ex
1299 1757 1412 1822 Sicilia
1436 1755 1561 1822 adlatos
1586 1781 1683 1842 supra
1708 1763 1793 1841 dixi,
1825 1765 1897 1830 fus·

365 1849 547 1934 Varirr'rm'ls
574 1848 691 1920 stiam,
713 1865 827 1906 numm
849 1844 1048 1908 colonorum
1123 1880 1162 1922 ,θ
1184 1859 1281 1922 epm,
1304 1859 1454 1942 imppp
1468 1857 1664 1938 Axppop,
1679 1862 1790 1928 ΑΛΤΙ
1809 1865 1900 1932 AM·

406 1952 547 2015 Forimlu'
564 1949 691 2010 somine
711 1947 1004 2028 insiqsscsSyrucu·
1123 1956 1408 2024 BPAKlssTAN
1418 2003 1428 2037 ,
1458 1954 1657 2039 ΑΡΓΙΩΝ,
1689 1963 1896 2051 ΛΕΤΚΑΔ.

589 2051 636 2110 ⁸5⁸
660 2049 815 2127 ”dmm
1123 2057 1345 2135 ΛΟΚΡΩΝ,
1373 2075 1410 2125 ut
1440 2076 1563 2127 taceam
1593 2083 1668 2136 eos,
1699 2068 1756 2150 qui
1779 2069 1894 2134 literas

325 2170 439 2235 »Dixi
462 2187 577 2252 supra,
600 2165 788 2248 complures
810 2179 1089 2239 extramuranus,
1123 2159 1169 2240 A,
1201 2163 1242 2238 A,
1279 2160 1344 2225 AN
1375 2177 1459 2228 stc.:
1489 2183 1568 2247 quas
1596 2165 1747 2248 plerique
1776 2170 1901 2254 primas

318 2273 404 2349 illis,
439 2268 480 2332 do
508 2269 626 2354 quibus
658 2285 735 2349 ago,
765 2265 872 2330 nuruis
903 2277 968 2328 tam
997 2279 1088 2348 typo,
1125 2264 1279 2328 similium
1307 2263 1508 2328 coloniarum
1541 2265 1654 2332 lituras
1683 2271 1813 2354 putant,
1842 2293 1900 2358 cx-

318 2397 414 2460 quam
451 2371 605 2448 metallo,
644 2391 681 2434 ao
713 2367 859 2454 pondero
891 2367 1087 2452 simillimos,
1117 2365 1252 2434 bibent}
1274 2369 1327 2428 Ex
1343 2385 1408 2451 quo
1430 2367 1550 2448 conjici
1571 2383 1697 2452 potest,
1720 2369 1822 2435 fuisse
1839 2375 1900 2439 uli·

309 2475 378 2537 -sed
398 2472 564 2558 inquibus
586 2491 647 2557 pro
663 2471 829 2534 elemento
854 2471 1089 2554 Promparcnt
1124 2468 1212 2552 quod
1251 2482 1398 2550 tempus,
1438 2487 1503 2554 quo
1527 2469 1727 2552 Syracusani
1756 2493 1899 2558 quacun·

318 2578 481 2640 variarum
507 2573 792 2646 urbiomnomina,
812 2572 992 2647 Leucadii,
1014 2573 1089 2634 Am·
1125 2575 1191 2654 que
1222 2584 1399 2644 excausa,
1436 2591 1532 2654 quam
1564 2585 1601 2634 ut
1625 2573 1726 2646 multa
1753 2576 1814 2640 alis
1840 2598 1899 2642 no·

319 2677 467 2751 braciae,
491 2675 689 2758 Dyrrhachii
713 2685 796 2748 eto..
820 2672 1090 2755 qussfuisseCo·
1126 2673 1176 2756 bis
1216 2669 1404 2734 inviderunt
1435 2672 1615 2755 scriptores
1650 2688 1798 2748 tuleras,
1831 2693 1897 2742 tam

323 2779 437 2874 rintbi
452 2779 597 2844 colonias
628 2788 772 2854 constat,
803 2789 836 2838 ct
868 2797 1005 2860 quarunt
1036 2775 1091 2838 atl-
1126 2773 1237 2835 matris
1275 2771 1442 2869 Corinthi,
1480 2753 1765 2868 quam'sororurn
1806 2779 1895 2842 colo·

321 2895 469 2946 curatum
499 2881 696 2965 catalogum*
715 2891 873 2964 sequente
906 2879 1012 2963 capite
1037 2878 1091 2940 da·
1125 2875 1252 2938 uiarum
1287 2871 1421 2942 nomine
1454 2871 1624 2937 feriundoc
1650 2897 1777 2944 -uumos
1805 2901 1897 2944 cura·

320 2982 440 3046 bimur.
461 2983 530 3044 Eos
551 2981 748 3064 signatorio
770 2977 923 3056 urbibus,
953 2999 1089 3064 quarum
1128 2997 1217 3042 rere.
1240 2975 1372 3040 Licebit
1384 2995 1450 3036 non
1465 2974 1582 3059 injuria
1601 2977 1786 3060 conjicere,
1802 3003 1898 3066 prae·

320 3081 514 3166 praeierunt
542 3083 691 3156 nomina,
721 3093 815 3144 vetus
847 3081 990 3143 omnium
1023 3078 1091 3142 fert
1127 3080 1236 3141 stilum
1269 3077 1360 3138 hunc
1386 3099 1405 3139 a
1444 3075 1521 3140 fillis
1551 3077 1761 3159 Syracusanis
1800 3085 1897 3148 matri

323 3183 452 3266 opinio,
489 3184 543 3246 cui
576 3179 848 3266 nuper'sccessit
876 3181 971 3246 etiam
1002 3179 1091 3266 prin·
1128 3179 1287 3242 Corintho
1337 3177 1497 3242 bonorem
1535 3191 1625 3256 tum,
1667 3199 1742 3248 cum
1781 3207 1798 3248 a
1836 3187 1899 3250 Co·

245 3323 248 3338 ·
325 3269 405 3370 ceps
436 3283 553 3346 Turris
581 3284 709 3347 Muciae
729 3291 773 3359 t).
796 3283 994 3346 Censuersm
1020 3283 1091 3368 ipae
1126 3281 1257 3345 rintlriis
1287 3279 1372 3344 duce
1397 3281 1624 3358 Timoleonte,
1655 3283 1762 3368 ejecto
1790 3299 1899 3368 tyran·

323 3387 421 3471 olim,
455 3383 615 3468 quoloco
640 3384 793 3475 inhujus
821 3386 952 3468 generis
975 3405 1091 3448 numos
1125 3405 1169 3446 no
1199 3383 1360 3464 Dionysio
1388 3383 1537 3466 juniore,
1568 3385 1601 3446 in
1627 3385 1811 3450 libertatem
1843 3389 1899 3452 ad·

257 3517 259 3520 ·
323 3487 453 3570 prolixe
483 3489 727 3552 commentabar
749 3484 807 3572 ¹¹),
845 3487 1091 3550 Corinthiorum
1129 3485 1343 3562 seruiium,
1374 3506 1412 3550 ac
1437 3499 1610 3569 promeres
1631 3491 1799 3569 Syracusis
1821 3491 1899 3556 alis·

323 3591 462 3654 colonos
491 3590 657 3652 communi
688 3589 777 3652 inter
804 3609 840 3651 se
869 3607 1031 3653 consensu
1059 3589 1093 3650 in
1128 3607 1201 3648 rum
1224 3587 1427 3650 coloniarum
1448 3589 1581 3652 nomina
1603 3590 1747 3672 signatos
1770 3611 1898 3668 numos,

237 3721 243 3733 ·
316 3693 405 3756 'suia'
427 3708 575 3774 quosque
619 3691 754 3755 urbibus
791 3709 864 3754 cnm
901 3691 1093 3773 metropolis
1129 3699 1168 3750 ut·
1184 3687 1296 3750 matris
1323 3681 1429 3768 gloria
1456 3691 1628 3756 ostentatis
1646 3701 1696 3754 tot
1712 3693 1900 3776 conspicuis

210 3871 215 3884 .
314 3813 385 3860 ,eos
405 3805 483 3877 typo
512 3790 661 3870 audisse,
690 3804 846 3857 nontam
872 3805 908 3856 ut
926 3791 997 3873 ejus
1019 3811 1093 3854 asse
1129 3789 1201 3874 ejus
1218 3788 1366 3871 prolibus
1383 3803 1568 3876 augeretur.
1590 3789 1727 3858 Factum
1741 3793 1900 3861 istud'att·

328 3895 465 3958 colo'nos
484 3891 735 3976 profiterentur,
765 3897 851 3975 (nam
882 3893 910 3956 si
928 3895 1011 3957 baso
1029 3909 1093 3956 una
1129 3913 1173 3956 no
1186 3891 1228 3959 V.
1243 3893 1279 3955 G.
1296 3901 1371 3968 4¹¹2
1394 3911 1467 3956 cum
1484 3905 1670 3976 quoactus
1686 3894 1823 3976 elegans
1839 3893 1898 3962 bu·

212 4049 217 4060 .
329 4017 423 4060 causa
453 3995 648 4080 placuisset,
671 4009 800 4078 poterat
826 3995 915 4059 idem
940 3994 1094 4071 obtineri,
1128 3995 1181 4079 jus
1206 4007 1358 4092 monetas
1376 4013 1458 4077 opus
1479 3993 1586 4077 probe
1610 3996 1774 4064 convenit.
1794 3998 1898 4076 Haeo,

328 4098 408 4182 quin
443 4109 506 4162 tans
545 4097 642 4161 anxie
673 4099 705 4159 in
736 4089 911 4197 pondere,
947 4097 1095 4172 metallo,
1129 4113 1213 4182 qnae
1242 4094 1326 4168 dixi,
1359 4095 1388 4159 si
1414 4096 1584 4162 adridcant
1607 4098 1764 4174 cruditis,
1790 4098 1898 4172 facilis

204 4255 211 4262 .
329 4213 363 4264 st
393 4201 542 4263 omnibus
571 4213 725 4284 typorum
748 4198 893 4281 apicibus
915 4199 1096 4284 conspiras·
1130 4195 1262 4262 dabitur
1288 4197 1389 4274 ratio,
1419 4217 1480 4263 cur
1517 4199 1628 4262 nuruis
1653 4199 1705 4263 bis
1735 4201 1899 4278 omnbus,

331 4305 419 4384 sent)
451 4321 546 4384 quam
576 4313 611 4365 ut
632 4299 674 4379 ii,
699 4313 754 4364 sut
775 4303 890 4365 saltem
912 4299 1018 4388 aliqua
1040 4320 1096 4364 es·
1129 4315 1196 4365 tam
1216 4299 1398 4378 variarum,
1424 4319 1463 4366 ac
1484 4299 1669 4370 dissitsrurn
1690 4302 1820 4372 urbium
1841 4323 1900 4372 uo·

1664 4495 1878 4508 ..-Μ

450 4609 480 4682 ε)
497 4606 643 4687 Aggiunte
659 4625 691 4684 p.
707 4615 767 4671 197.
857 4605 890 4680 ¹1)
910 4605 996 4664 Num.
1014 4621 1072 4692 vet·
1086 4629 1118 4687 p.
1138 4618 1195 4675 128.
