4296 5494
746 592 971 672 molesta
1022 597 1331 672 SVPERIOR
1767 620 1817 680 tt

252 763 587 851 legaturdllsmslll.
597 764 793 851 ,fueritque
808 769 1020 838 annusV.C
1056 767 1143 832 Galli
1165 767 1340 851 probatur,
1369 764 1465 848 hujus
1490 784 1619 854 quoque
1642 788 1742 834 annos
1758 771 1825 838 Ks-

257 885 337 932 soou
354 865 445 929 illius
460 881 657 951 postremus,
679 866 775 950 hujus
795 867 1022 954 primus,pro-
1056 867 1250 935 leudisius
1263 866 1377 932 iterari
1395 868 1523 936 solitos

251 967 359 1046 batur,
380 967 518 1033 Daciam
539 983 927 1052 anuossuossupputsre
946 990 1021 1035 coe·
1100 970 1257 1034 Ceterum
1275 967 1444 1055 quautain
1461 967 1649 1036 histcise
1671 985 1704 1034 et
1724 971 1829 1041 Vinti-

250 1070 341 1154 pisre
373 1069 414 1132 ab
435 1071 583 1141 auno-V.
605 1070 644 1136 C.
668 1087 760 1135 roco.
792 1068 883 1132 1dem
901 1069 1021 1153 probat
1056 1073 1144 1136 uacii
1164 1073 1271 1135 uumis
1293 1083 1411 1156 regnet
1431 1073 1649 1156 perversitas,
1671 1073 1748 1138 dum
1764 1075 1824 1142 im·

251 1173 351 1237 edam
374 1189 477 1242 sunus
493 1173 535 1244 V.
560 1171 743 1238 communis
766 1183 841 1235 cum
860 1171 967 1236 Decio
987 1183 1022 1236 et
1042 1226 1045 1234 .
1056 1173 1264 1258 peratoribus
1283 1171 1471 1236 tribuuntur
1491 1174 1577 1252 anui,
1600 1174 1701 1239 alieni
1720 1191 1828 1255 certe,

253 1273 364 1339 Gallo.
624 1297 628 1303 ·
1057 1275 1086 1338 si
1112 1294 1154 1337 ex
1172 1271 1316 1337 indicato
1337 1271 1500 1357 principio
1527 1288 1613 1338 suut·
1626 1275 1824 1354 deducendi,

294 1372 420 1466 Quaeri
437 1387 556 1457 potest,
572 1377 764 1464 coeperitne
777 1375 947 1460 utriusque
962 1393 1020 1458 po·
1055 1377 1152 1440 facile
1181 1396 1223 1438 ex
1248 1375 1425 1459 propositis
1456 1376 1613 1460 catalogis
1644 1392 1753 1464 potest
1777 1380 1836 1441 in·-

250 1474 491 1556 puliuunusin
509 1489 664 1542 autumno
682 1499 775 1542 more
796 1475 1018 1552 orientalium,
1054 1475 1172 1557 telligi.
1199 1477 1324 1538 Numos
1351 1475 1433 1539 adeo
1464 1473 1633 1540 discordes
1649 1511 1663 1555 ,·
1699 1481 1821 1564 quique
1852 1519 1854 1524 ·

249 1596 292 1637 an
311 1573 471 1637 Kalendis
494 1577 565 1640 Jsu.
581 1599 675 1644 more
687 1575 935 1642 Romanorum?
958 1577 1020 1638 Po·
1057 1575 1277 1640 eruditissimo
1309 1579 1427 1659 cuique
1450 1576 1542 1640 nullo
1568 1591 1663 1660 pacto
1695 1579 1822 1644 domari

250 1674 374 1738 sterius
396 1677 501 1742 multo
524 1677 628 1760 ansgis
645 1679 842 1754 verisimile,
866 1675 1019 1762 quoniam
1054 1700 1152 1764 posse
1171 1678 1231 1743 visi
1248 1677 1333 1751 sunt,
1343 1687 1452 1740 tamen
1461 1680 1604 1742 utcertis
1615 1679 1745 1762 legibus
1757 1683 1826 1744 vin·

249 1779 476 1840 Romruornm
503 1779 614 1842 coloni
636 1793 784 1844 materno
808 1779 907 1842 etism
928 1777 1020 1840 insti·
1055 1782 1156 1854 ciret,
1186 1779 1345 1842 rationem
1375 1797 1410 1841 se
1439 1783 1605 1866 reperisse
1635 1782 1822 1846 autumabat

249 1889 322 1941 tuto
330 1897 406 1941 sese
415 1877 748 1946 adcommodrveriut.
761 1885 835 1944 Hoc
845 1877 1019 1944 eorumin·
1054 1879 1204 1944 eruditus
1221 1879 1435 1942 Mausoleuus
1449 1881 1495 1962 11).
1511 1882 1586 1944 Duo
1608 1883 1739 1965 utrique
1766 1905 1825 1968 po·

248 1978 398 2041 stitutum
421 1981 519 2044 etium
542 2001 583 2045 ex
604 1981 711 2043 numis
740 1979 917 2044 commode
943 2000 1019 2062 pro·
1052 1983 1131 2066 pulo
1147 1979 1257 2044 statuit
1274 1979 1374 2042 fuisse
1391 2001 1486 2046 aerae
1500 1981 1645 2059 exordis,
1663 1983 1709 2045 sic
1721 1999 1756 2045 ut
1767 1984 1823 2050 Vi-

248 2080 356 2144 batur.
390 2080 427 2141 Si
447 2103 549 2144 annus
581 2083 607 2148 Ι.
630 2103 725 2148 aerae
748 2065 922 2150 Viminacii
944 2100 1018 2144 coe·
1053 2082 1194 2145 minacis
1213 2101 1312 2142 unum
1327 2079 1439 2158 fuerit,
1462 2099 1496 2147 ot
1511 2083 1544 2144 in
1567 2083 1734 2169 plerisque
1751 2085 1822 2168 ejus

248 2181 353 2262 pisset
367 2182 401 2242 in
417 2195 571 2246 autumno
586 2185 628 2252 V.
645 2187 681 2249 C.
695 2183 780 2268 993,
802 2182 850 2246 uic
872 2194 907 2244 ut
928 2181 1035 2244 deru-x
1053 2183 1159 2246 numia
1178 2180 1389 2265 conspicuum
1420 2183 1461 2246 ub
1493 2205 1577 2248 anno
1608 2185 1649 2251 V.
1675 2185 1710 2248 Ο.
1740 2185 1822 2270 993,

250 2303 332 2366 ceps
347 2281 483 2363 siugulis
499 2286 663 2348 autumnis
678 2283 794 2348 fuisset
804 2283 950 2359 iteratus,
969 2303 1019 2346 se·
1053 2283 1195 2348 alterum
1209 2280 1314 2344 minus
1333 2283 1484 2346 usitatum
1501 2284 1551 2355 ab
1559 2305 1643 2349 anuo
1659 2287 1739 2368 995,
1755 2287 1821 2348 Da·

249 2397 426 2468 queretur,
449 2405 567 2448 snnum
588 2387 632 2453 V.
652 2383 815 2468 incepisse
837 2383 871 2444 in
893 2397 1017 2446 sutum·
1052 2384 1121 2448 ciue
1145 2382 1339 2464 principium
1365 2386 1505 2452 maxime
1530 2386 1683 2452 usitatum
1702 2385 1742 2449 ab
1767 2407 1823 2464 an,-

248 2507 293 2548 no
307 2487 348 2554 V.
365 2487 402 2550 C.
418 2504 492 2566 997.
506 2489 549 2550 At
567 2487 694 2570 copiosi
708 2483 1017 2548 suntGordianinu·
1051 2505 1095 2548 no
1125 2486 1164 2552 V.
1198 2485 1235 2548 G.
1268 2503 1364 2560 roco,
1394 2486 1533 2549 alterum
1552 2485 1823 2551 rarinsadhiberi

248 2585 297 2672 mi
317 2605 391 2651 cum
408 2606 493 2649 anuo
507 2589 569 2662 V.,
591 2585 647 2668 qui
664 2599 774 2656 tamen
790 2583 905 2670 primis
925 2603 1016 2648 men·
1052 2585 1184 2648 solitum
1205 2583 1246 2646 sb
1265 2606 1350 2650 auno
1371 2604 1465 2652 soca.
1494 2591 1642 2654 Novaro
1665 2588 1830 2672 multiplir

250 2686 341 2750 sibus
357 2688 431 2749 unni
447 2707 520 2769 997.
536 2705 651 2750 caesus
663 2687 729 2772 jam
748 2701 811 2752 est.
825 2689 941 2768 Neque
950 2681 1016 2747 dici
1052 2705 1108 2750 ces
1124 2686 1185 2749 hae
1200 2705 1296 2748 aerae
1312 2685 1817 2773 incredibilesvideantur,jubet

249 2799 376 2874 potest,
397 2809 516 2853 sanum
530 2791 554 2851 1.
570 2785 746 2856 Viminacii
761 2785 909 2870 coepisse
927 2783 1015 2872 forte
1051 2788 1219 2872 respicere
1236 2786 1460 2866 Antiochiam,
1485 2791 1653 2873 Sinopen,
1675 2791 1821 2875 aliasque
1919 2805 1923 2814 ·

250 2889 283 2949 in
310 2903 466 2952 autumno
488 2889 530 2956 V.
552 2889 589 2956 C.
611 2906 692 2976 poa,
724 2903 758 2954 et
779 2888 934 2970 deinceps
955 2904 1017 2968 per
1051 2888 1166 2964 urbes,
1186 2907 1268 2972 quae
1289 2886 1378 2969 ipsae
1394 2909 1524 2974 qnoque
1542 2891 1845 2984 variis'epoclsisa..

251 2991 400 3074 singulos
418 3005 589 3056 autumnos
607 2991 774 3056 iteratum.
795 2989 878 3052 Nam
899 2988 934 3049 in
954 2987 1017 3050 hac
1054 2990 1144 3056 vsrio
1169 2989 1276 3072 capite
1294 2986 1448 3055 derivatis
1466 3010 1543 3053 usae
1562 3004 1647 3054 sunt
1670 2994 1744 3056 Non
1766 3013 1821 3066 voe

250 3092 414 3154 sententia
435 3113 538 3156 annus
559 3092 599 3154 ll.
616 3092 794 3174 incepisset
810 3088 844 3151 iu
860 3100 1017 3150 autumno
1054 3097 1134 3164 reor
1157 3089 1348 3164 adfirmare,
1387 3103 1671 3176 quantumcunque
1701 3091 1764 3154 sibi
1785 3091 1819 3180 in

248 3193 291 3260 V.
312 3193 347 3258 C.
369 3213 466 3269 soor,
489 3209 523 3256 et
536 3193 691 3258 exivisset
703 3194 738 3254 iu
755 3203 909 3257 autumno
928 3205 1018 3250 soon.
1055 3191 1214 3278 singulari
1230 3191 1294 3254 hoc
1314 3212 1374 3254 suo
1392 3191 1525 3256 intento
1542 3194 1672 3276 plaudat
1690 3197 1823 3257 utszzo·

250 3293 387 3358 Certum
411 3307 477 3372 est,
498 3305 569 3358 toto
582 3293 646 3358 hoc
667 3309 834 3380 temporo,
857 3289 945 3377 quod
969 3308 1019 3352 te·
1055 3297 1168 3372 lenus,
1192 3293 1383 3357 senteutiam
1400 3293 1483 3356 hsno
1505 3316 1546 3358 nc
1565 3293 1743 3378 probabilis
1752 3295 1829 3378 qui·-

250 3394 394 3458 cundum
408 3393 493 3459 hano
510 3394 620 3478 legem
637 3397 787 3459 annule
798 3405 947 3478 occupat,
960 3391 1018 3454 im·
1054 3395 1129 3458 dem
1149 3395 1358 3478 conjecturae
1375 3393 1504 3458 laudem
1523 3397 1655 3478 mereri.
1672 3395 1818 3482 Ancnim

248 3515 383 3580 perusse
399 3493 504 3558 adhuc
519 3494 729 3580 Philippum,
751 3510 787 3562 et
811 3508 920 3558 tamen
942 3511 1017 3576 pro·
1052 3495 1242 3572 verisimile,
1260 3497 1341 3557 hanc
1358 3515 1515 3559 annorum
1538 3496 1764 3559 confusionem
1784 3497 1819 3556 in

247 3595 388 3678 mulgati
406 3610 482 3672 supt
502 3594 611 3674 numi,
634 3599 690 3680 qui
704 3598 845 3662 Decium
867 3613 942 3658 oum
963 3614 1017 3656 au·
1052 3591 1192 3682 utroq’ue
1213 3596 1339 3681 populo
1362 3596 1492 3681 publica
1518 3598 1595 3681 lege
1630 3596 1827 3669 stabilitam,

248 3714 293 3758 no
314 3693 355 3755 X.
377 3694 590 3781 conjungunt.
612 3699 694 3760 Item
717 3698 881 3784 coepisset
900 3709 969 3760 tum
983 3698 1031 3766 in,
1053 3711 1088 3761 et
1113 3697 1147 3759 in
1167 3707 1376 3770 monuments
1400 3697 1528 3783 publicu
1546 3697 1736 3760 inductam?
1750 3699 1819 3758 Ex·

250 3806 405 3858 autumno
426 3797 502 3859 anni
520 3797 563 3864 -V-
584 3797 620 3861 C.
641 3808 721 3874 soon
737 3798 838 3860 annus
854 3799 942 3862 xllt.
961 3781 1017 3865 v'i-
1053 3811 1139 3862 stant
1162 3797 1252 3860 numi
1275 3799 1531 3870 V-iminscienses
1553 3796 1716 3879 Philippi,
1739 3813 1819 3878 quo·

248 3892 394 3960 minucii.
429 3895 543 3961 Gallus
572 3911 647 3962 aute
677 3913 853 3964 exeuntem
875 3899 1018 3964 Novem·
1051 3921 1126 3962 rum
1143 3899 1219 3974 uni,
1241 3897 1301 3962 sed
1320 3898 1396 3974 rari,
1410 3898 1559 3982 inscripti
1575 3897 1643 3959 att.
1662 3894 1819 3972 lldL,alii

216 3981 345 4059 'brem
373 3996 445 4080 ejus
474 3997 550 4062 anni
570 3998 744 4084 imperium
768 4019 835 4065 nou
867 3995 1017 4073 obtinuit,
1052 3999 1244 4084 frequentes
1265 4001 1335 4062 AN.
1357 3999 1416 4064 Vl.
1447 3997 1609 4093 Quoniam
1634 4017 1735 4059 annus
1758 3997 1817 4066 lv.

248 4111 283 4160 et
301 4109 411 4160 tsmen
427 4097 462 4158 in
482 4099 555 4182 ejus
567 4099 674 4165 nuutis
688 4101 812 4182 legitur
828 4120 929 4164 annus
943 4099 1014 4162 xll.
1050 4099 1245 4179 Viminacii,
1276 4100 1304 4162 si
1327 4097 1382 4162 llic
1406 4097 1601 4168 ubanro,
1619 4099 1654 4162 C.
1670 4097 1744 4184 993.
1759 4097 1816 4158 de·

247 4195 373 4261 Eodem
396 4197 495 4263 modo
517 4220 568 4264 ex
587 4201 693 4265 nnmis
717 4202 838 4266 Dacius
864 4219 938 4266 cum
962 4199 1016 4263 sn·
1051 4201 1206 4277 ducatur,
1235 4202 1272 4263 in
1299 4200 1473 4284 imperium
1490 4197 1636 4284 Philippi
1655 4219 1720 4262 nou
1739 4217 1819 4282 poa·

246 4316 292 4361 uo
320 4297 378 4362 lll.
407 4311 442 4360 et
473 4299 632 4381 capitibus
663 4300 809 4387 Philippi
836 4315 870 4366 st
904 4301 1014 4376 Decii,
1049 4300 1188 4386 rigitur,
1218 4321 1292 4366 eum
1306 4303 1524 4367 Mouzolcuus
1547 4302 1588 4366 sb
1611 4320 1695 4364 enno
1718 4303 1760 4370 V
1776 4300 1813 4360 C.

247 4397 329 4461 item
350 4419 427 4464 cum
449 4421 533 4466 anno
555 4403 597 4470 V
617 4414 652 4466 et
679 4403 859 4525 capitibus
859 4402 956 4466 Decii
983 4413 1015 4464 et
1051 4404 1114 4486 995
1135 4401 1272 4467 derivat.
1292 4405 1385 4490 Ergo
1402 4403 1521 4470 eodem
1535 4404 1673 4470 aunoV..
1688 4401 1723 4466 C.
1742 4401 1815 4482 qod.

348 4605 856 4687 utmffiwpw,mm
958 4611 1193 4690 einp&

1548 4707 1619 4766 B'a
