4270 5488
348 585 396 662 ιι
443 665 446 670 ,
648 645 651 656 ,
789 555 990 640 ncces
1041 562 1470 652 uacunorttaa.

338 737 472 800 nomine
499 737 670 820 signatum.
702 738 837 800 Causam
860 737 989 810 adfert,
1020 737 1108 819 quod
1145 735 1324 810 memoriae
1349 733 1504 819 prodita,
1543 749 1693 822 strupra
1717 755 1916 802 commemo-

339 839 577 923 imperantibus
602 837 757 922 Philippo
783 840 824 903 Il.
860 852 895 902 et
920 838 1107 901 Alexandro
1143 851 1212 899 rata
1229 851 1313 902 sunt.
1327 841 1459 919 Magnas
1475 836 1634 923 principis
1648 858 1728 922 opes
1747 858 1811 900 non
1828 859 1917 920 com·
1942 849 1956 854 ’“

337 944 383 1006 Μ.
420 955 512 1004 tanto
549 958 689 1002 numero
719 939 844 1023 signata
874 937 937 1002 fuit
966 954 1107 1017 moneta,
1143 937 1261 1022 probat
1277 937 1417 1004 varietas
1436 951 1598 1020 typorum,
1621 939 1679 1000 sed
1696 940 1917 1025 copiannmo·

337 1055 372 1104 ut
395 1060 532 1104 necesse
552 1061 616 1101 non
642 1039 742 1102 suerit
764 1061 835 1103 eam
857 1039 961 1103 ferire
975 1041 1107 1103 nomine
1143 1061 1216 1102 rum
1238 1051 1417 1124 superstes.
1452 1041 1571 1116 Erant,
1594 1041 1651 1125 qui
1672 1040 1749 1104 inde
1768 1043 1808 1104 ab
1822 1043 1911 1107 adito

291 1159 296 1166 '
334 1143 481 1206 Aridaei.
501 1143 627 1210 Verum
642 1141 749 1204 isthoc
765 1157 861 1225 pacto
878 1141 1105 1204 difficultatem
1142 1161 1248 1224 regno
1268 1161 1333 1202 non
1356 1135 1521 1202 variarent
1546 1151 1659 1224 typos,
1684 1143 1777 1227 eujus
1802 1164 1914 1208 exem·

336 1245 479 1329 denique
501 1242 704 1326 effugimus,
735 1263 800 1304 non
824 1243 1042 1328 expedimus,
1074 1255 1108 1304 et
1143 1243 1623 1325 pluminanreaetargentea
1648 1258 1915 1332 monetasuppe·

337 1343 499 1410 laborabit
521 1366 721 1432 magnopere
736 1345 946 1420 Pellermrus
963 1345 1000 1418 si,
1019 1343 1107 1425 qnod
1144 1341 1243 1406 ditant
1262 1341 1493 1426 Lysimachus,
1517 1357 1551 1404 et
1566 1345 1720 1409 Tubertus
1735 1350 1807 1411 Au
1788 1365 1910 1446 gustus.

336 1445 486 1522 intendit,
503 1443 594 1508 volet
608 1445 746 1508 eruditis
761 1443 973 1529 persuadere.
995 1445 1108 1510 Enim·
1145 1445 1239 1508 Sed
1228 1467 1292 1528 Jam
1313 1444 1378 1506 ad
1368 1458 1515 1520 incertos
1529 1460 1771 1514 convertamur.

335 1561 472 1612 rerout
495 1559 621 1609 certum
644 1561 711 1623 est,
733 1547 836 1610 fuisse
855 1545 1031 1610 Aridaeum
1055 1568 1107 1611 re·
1173 1549 1601 1626 Caputl’ollodr'syaleotom
1610 1528 1910 1630 aetltttltttllo‘r,

335 1669 409 1732 gem
434 1647 566 1712 nomine
588 1647 708 1730 magis,
732 1667 901 1730 quamue,
913 1660 1105 1711 etomnem
1141 1641 1471 1710 ιιιΙΒΑΣΙΛΕΩΣ.
1489 1639 1745 1726 ΦΙΛΙΠΠΟΤ.
1766 1656 1912 1718 lictor-ia

334 1772 436 1834 penes
452 1750 552 1812 duces
568 1761 783 1832 potestatem
805 1760 914 1810 tamen
941 1748 994 1811 vel
1018 1748 1104 1824 ideo,
1141 1755 1278 1811 staosd.
1297 1753 1458 1822 lauream,
1481 1751 1702 1814 stridentem.
1719 1751 1790 1818 AV.

335 1849 424 1936 quod
439 1863 513 1932 post
530 1837 707 1910 Alexandri
725 1839 867 1910 mortem
882 1849 973 1911 annis
996 1869 1053 1911 sex
1072 1862 1105 1910 et
1184 1850 1593 1924 CoputHcrcolisimberbe.
1610 1843 1909 1932 dlllllblHHOT„

335 1954 477 2037 amplius
494 1971 553 2014 rex
570 1949 698 2030 agnitus
718 1949 830 2026 tuit,
820 1972 853 2010 ιιι
870 1964 1033 2014 monetam
1054 1949 1106 2032 jus
1141 1942 1467 2012 ὶιιΙΒΑΣΙΛΕΩΣ.
1487 1942 1745 2028 (lllAlslllOT.
1762 1957 1911 2033 Jopps'esr

336 2051 468 2130 habuit,
489 2070 598 2134 neque
620 2049 707 2112 istud
724 2061 792 2112 tum
813 2051 918 2112 adbuc
941 2064 1105 2134 negatum,
1143 2053 1334 2127 oetopltoros
1349 2052 1477 2124 sedens,
1499 2049 1685 2116 Att.1.1tt-.

339 2153 483 2216 nondum
510 2151 596 2216 ausis
622 2146 759 2214 ducibus
787 2151 891 2234 palam
921 2151 954 2213 in
978 2152 1105 2232 regium
1184 2151 1234 2212 En
1257 2151 1333 2226 tibi,
1357 2151 1385 2210 si
1405 2148 1651 2233 inscriptionem
1674 2151 1803 2231 demas,
1820 2155 1913 2219 lucu·

339 2275 459 2318 nomen
483 2253 650 2328 involare,
681 2251 769 2336 quod
790 2254 915 2316 interea
937 2251 1046 2315 animo
1069 2269 1106 2313 ac
1141 2251 1251 2314 lentos
1275 2249 1455 2314 Alexandri
1482 2253 1528 2310 M.
1559 2271 1685 2316 numos.
1714 2259 1794 2320 Esse
1815 2257 1912 2320 nnius

329 2366 395 2440 'ape
412 2367 642 2438 conceperant.
1142 2351 1355 2444 ejusdemque
1380 2351 1551 2436 Philippi,
1574 2372 1633 2415 sen
1659 2377 1694 2416 ro
1719 2355 1915 2420 ΒΑΣΙΛΕ-
1979 2363 1984 2370 “

376 2459 467 2519 inter
495 2455 576 2517 haec
605 2451 756 2538 ambigua
780 2473 862 2536 quae
887 2450 1028 2536 denique
1058 2465 1106 2514 te·
1142 2447 1223 2516 ΩΣ,
1253 2452 1412 2528 addatur,
1454 2474 1513 2515 seu
1543 2455 1735 2532 omittatur,
1774 2472 1914 2543 propter

334 2553 442 2618 nenda
469 2556 654 2630 sententia,
683 2555 795 2638 paucis
829 2553 1025 2638 explicatum
1053 2572 1105 2616 eo.
1142 2553 1345 2636 aequabilem
1388 2575 1524 2636 prorsus
1566 2555 1710 2621 fabricae
1751 2558 1914 2622 rationem

334 2655 518 2722 Adfirmare
540 2677 605 2719 non
633 2653 767 2731 dubito,
798 2670 832 2717 ut
853 2657 970 2738 patris,
1004 2653 1048 2718 ita
1071 2668 1105 2717 et
1143 2653 1384 2732 indubitatum,
1421 2670 1456 2718 ut
1484 2659 1618 2741 agnovit
1647 2660 1744 2722 etiam
1773 2662 1914 2724 Pelleta'·

337 2754 394 2820 lilii
420 2759 553 2821 Aridaei
572 2759 705 2820 nomine
731 2777 840 2821 cusam
858 2755 1049 2840 pecuniam,
1074 2764 1107 2814 et
1142 2755 1228 2816 nius.
1273 2756 1338 2816 Sed
1370 2758 1457 2820 enim
1485 2749 1642 2822 utri'bos
1664 2760 1818 2846 Philippo
1849 2763 1913 2826 lar·
1973 2837 1979 2849 Ι

336 2859 506 2942 utriusque
545 2859 817 2924 discriminandae
844 2858 1007 2920 rationem
1040 2874 1106 2916 non
1143 2857 1295 2941 giemus?
1318 2859 1399 2919 Cum
1425 2871 1514 2920 certa
1535 2859 1619 2922 ratio
1643 2859 1747 2938 desit,
1768 2883 1915 2948 pugnan-

338 2977 410 3023 etse
434 2959 651 3039 desperatam.
695 2965 788 3024 Hanc
811 2973 981 3042 antequam
1008 2977 1107 3039 expe·
1142 2958 1218 3020 dum
1237 2957 1445 3038 conjecturis.
1467 2960 1587 3025 Eccos!
1611 2963 1745 3026 Certum
1761 2981 1828 3040 est,
1850 2967 1913 3028 bos

338 3059 411 3131 dio,
433 3079 570 3122 necesse
584 3077 663 3140 est,
687 3079 947 3125 commemorare
963 3061 1105 3143 primum
1143 3072 1236 3140 typos
1258 3071 1312 3118 aut
1337 3059 1487 3122 adhiberi
1510 3076 1644 3147 coeptos
1672 3065 1732 3128 sub
1755 3065 1912 3150 Philippo

336 3159 662 3244 compendio'numos
679 3162 823 3244 Philippi
839 3164 878 3242 ll.
894 3175 1013 3233 certos,
1037 3161 1107 3244 qui·
1142 3165 1183 3225 ll.
1206 3173 1239 3223 et
1254 3157 1409 3247 deinceps
1426 3162 1681 3246 subAlexandro
1697 3167 1911 3246 continuatos,

336 3265 397 3326 bus
413 3261 548 3342 semotis
566 3261 780 3326 confidentius
797 3261 838 3326 de
855 3261 992 3325 incertis
1008 3261 1106 3324 liceat
1142 3277 1196 3324 aut
1216 3262 1364 3322 inductos
1377 3261 1416 3324 ab
1431 3263 1635 3344 Alexandro,
1656 3281 1690 3328 et
1707 3267 1912 3332 continuatos

336 3363 495 3448 judicare.
1143 3361 1203 3424 sub
1225 3362 1377 3445 Philippo
1396 3365 1549 3429 Aridaeo.
1573 3367 1628 3429 Sin
1645 3367 1799 3452 primum,
1822 3367 1913 3430 citati

381 3469 482 3547 0th
505 3465 668 3544 Apollinis
696 3470 778 3530 laur.
802 3457 826 3521 Ξ
847 3455 1106 3525 ΦΙΛΙΠΠΟΤ.
1140 3465 1233 3525 numi
1254 3477 1349 3525 erunt
1369 3463 1511 3548 Philippi
1527 3466 1579 3544 11,
1598 3468 1647 3528 sin
1667 3470 1822 3543 alterum,
1837 3467 1913 3530 Ari·

338 3571 459 3649 Fiyuro
476 3571 510 3627 ιἰι
524 3570 598 3627 citis
616 3570 709 3646 bipt's.
726 3567 792 3633 AV.
952 3599 954 3604 ·
1144 3563 1225 3626 daei.
1254 3565 1329 3626 Huc
1355 3565 1456 3650 igitur
1473 3568 1625 3632 universa
1646 3568 1791 3655 quaestio
1812 3569 1910 3650 redit,

383 3657 683 3748 eapotdovtstaor.
695 3659 991 3730 ΞΦΙΛῙΠΠΟΤ.
1001 3668 1107 3749 Eques
1142 3667 1227 3728 sitne
1243 3687 1346 3751 magis
1362 3667 1553 3745 verisimile
1571 3670 1757 3754 anilippo
1785 3673 1845 3746 11.,
1870 3691 1911 3732 an

337 3773 428 3832 oort'o
451 3774 537 3832 culto
504 3769 637 3832 to..AR
662 3773 686 3831 l.
1142 3767 1211 3830 filio
1237 3767 1458 3830 Alexandro'
1449 3785 1606 3832 intectos
1637 3771 1699 3854 Ajo
1724 3791 1825 3848 vero,
1847 3791 1914 3835 ma·

378 3871 507 3932 Aureos
535 3869 597 3932 hos
628 3835 868 3956 argenteosque
895 3887 1011 3928 numos
1037 3864 1107 3927 abs·
1145 3891 1193 3952 gis
1211 3869 1399 3954 probabile
1425 3866 1459 3929 ιι]
1476 3870 1514 3930 ab
1534 3870 1868 3956 allexandttwfaetum
1885 3873 1911 3934 1.

340 3991 404 4086 que
435 3941 535 4031 dubio
567 3991 639 4032 esse
663 3969 809 4053 Philippi
834 3968 875 4032 ll.
886 3966 1039 4051 ,patebit
1066 3985 1107 4028 ex
1144 3972 1289 4034 Pronum
1314 3983 1363 4032 est
1387 3969 1487 4031 crede
1472 3991 1544 4045 erc,
1576 3972 1728 4052 juvenem
1751 3971 1837 4036 bunc
1859 3991 1912 4036 re·

338 4070 403 4144 iis,
436 4091 518 4152 quae
550 4071 672 4135 infra
663 4095 696 4133 ιιι
718 4091 832 4134 corum
856 4065 1018 4152 explicatu
1042 4087 1110 4128 mo·
1146 4091 1239 4155 gem,
1263 4073 1316 4133 cui
1343 4073 1517 4159 pertristes
1541 4093 1605 4134 non
1629 4093 1829 4154 magnopere
1858 4071 1913 4134 etl-
2023 4095 2029 4108 ·

339 4171 606 4235 sabaeorum
640 4187 746 4234 tantus
771 4185 823 4233 est
851 4191 1030 4246 numerus,
1063 4182 1108 4246 ut,
1145 4171 1269 4246 risere,
1293 4171 1324 4232 in
1352 4187 1484 4234 moneta
1502 4186 1644 4234 mutasse
1664 4185 1758 4255 typos
1776 4173 1911 4258 patmos

342 4273 404 4335 etsi
441 4273 588 4356 reliquos
625 4293 738 4334 omnes
774 4273 909 4348 demas,
939 4272 993 4356 qui
1028 4271 1110 4334 alios
1146 4283 1178 4332 et
1205 4273 1289 4354 bigis
1314 4273 1518 4336 substituisse
1547 4273 1749 4354 Victoriam,
1781 4273 1911 4358 qualem

339 4390 434 4458 typos
460 4371 641 4448 exhibent,
673 4387 781 4434 tamen
804 4396 864 4458 per
888 4392 922 4434 se
948 4371 1010 4435 soli
1032 4371 1107 4434 satis
1144 4369 1327 4455 descriptus
1355 4373 1452 4436 modo
1483 4395 1601 4436 numus
1626 4395 1741 4438 aureus
1765 4375 1909 4439 exbibet.

340 4477 582 4562 comprobent,
613 4493 825 4558 quaecunque
846 4475 886 4535 de
914 4475 984 4558 ejus
1018 4473 1107 4555 regis
1146 4472 1179 4534 Si
1203 4487 1296 4560 typus
1325 4475 1378 4537 bic
1398 4473 1462 4556 jam
1490 4475 1649 4537 fuisseea
1672 4490 1766 4560 patre
1791 4477 1911 4538 eonsti-

338 4576 473 4666 opibus,
498 4589 531 4642 et
550 4575 656 4639 numia
673 4574 797 4652 aureis,
830 4573 925 4639 dictis
951 4577 1107 4658 Philippis
1142 4586 1254 4652 tutus,
1278 4589 1311 4638 et
1332 4575 1543 4660 retentuslab
1562 4575 1767 4653 Alexandro,
1791 4575 1909 4638 mirum
