4270 5488
685 619 882 694 REGES
933 614 1356 724 MACEDONJAE.
1445 673 1448 679 -
1518 559 1526 651 .'
1759 639 1806 717 9²

182 816 186 826 ’
236 807 296 864 oet
321 792 457 866 Strabo,
496 811 572 856 curn
606 799 741 866 narrat,
772 791 860 852 huuc
899 811 1013 876 regem
1089 790 1232 854 Palladia
1263 787 1367 851 cultui
1395 783 1588 870 impensiori
1610 787 1751 856 tociatte
1774 791 1820 857 al·
1937 833 1944 840 -

240 912 319 982 poet
345 915 487 980 pugnam
515 891 554 956 ad
580 890 759 956 Granicum
780 892 822 958 ad
844 895 1013 956 Minervae
1048 904 1156 956 terum
1171 889 1349 962 Victoriae,
1373 887 1458 948 binis
1483 887 1566 969 lucia
1584 890 1819 962 tentaturCur'·
1860 897 1869 902 “
1977 906 1980 914 “

242 999 421 1084 templum,
451 993 540 1080 quod
561 993 647 1078 apud
671 995 766 1056 llium
795 995 908 1070 atetit,
940 1013 1015 1076 pro·
1048 995 1124 1068 tiue,
1154 1011 1237 1078 quae
1259 991 1323 1074 jem
1346 985 1740 1058 adverteruntcruditum
1754 997 1822 1059 Be·

203 1115 208 1124 ·
238 1100 390 1176 fectum,
423 1094 599 1180 multisque
629 1094 713 1158 illud
734 1095 878 1162 donariis
909 1095 1015 1158 euxia·
1050 1115 1185 1179 gerum,
1208 1093 1361 1154 nimirum
1387 1105 1461 1155 ante
1478 1091 1640 1176 praelium
1661 1095 1820 1162 adlatum

242 1222 281 1266 ee
302 1201 354 1281 ιιι).
386 1199 522 1262 Factum
538 1193 625 1257 istud
642 1210 717 1258 aute
734 1195 852 1264 dictatu
871 1216 1012 1279 pugnam
1049 1199 1182 1270 Jovem,
1219 1197 1413 1269 Mineruam,
1451 1197 1688 1278 Victoricmque
1714 1202 1824 1278 propr·-

240 1301 398 1389 perbibet
427 1296 657 1373 Diadumen).
680 1300 741 1358 1Et
768 1311 839 1360 erat
862 1297 1015 1360 Macedo·
1050 1301 1166 1360 elutum
1187 1293 1228 1376 r).
1271 1293 1360 1354 Alibi
1397 1298 1545 1358 uictimae
1580 1299 1747 1362 Mineruae
1781 1321 1823 1362 uc

243 1403 318 1466 niae
354 1399 489 1484 regibus
524 1417 620 1460 cauca
657 1395 750 1478 v'etua
789 1398 1013 1460 observandae
1054 1399 1217 1458 Victoriae
1234 1413 1346 1456 caeaaa
1367 1395 1472 1459 refert
1493 1397 1530 1474 ⁸).
1565 1393 1662 1460 Addo
1691 1397 1821 1482 iurigne

244 1505 434 1577 Minervae,
473 1497 563 1585 quud
592 1496 632 1561 ed
661 1499 840 1562 Herculem
871 1513 906 1560 et
935 1501 1015 1560 Per·
1050 1495 1275 1558 testimonium
1303 1493 1392 1580 aliud
1424 1517 1465 1560 ex
1490 1496 1659 1562 Athenaeo
1690 1520 1846 1582 parram,

244 1625 338 1670 teum
358 1623 461 1688 genus
474 1621 568 1662 auum
585 1599 751 1684 retulere,
773 1619 870 1681 quem
894 1613 1018 1662 utrum·
1053 1611 1115 1674 te,
1151 1599 1185 1660 iu
1217 1595 1344 1664 celebri
1367 1597 1549 1660 Ptolemaei
1574 1618 1693 1683 pompa
1715 1605 1826 1666 tradu-

244 1723 311 1792 que
351 1701 385 1763 iu
421 1699 565 1768 Palladit
603 1699 706 1763 suinae
746 1703 846 1764 tutela
877 1689 1015 1764 con'atat.
1054 1713 1142 1762 otum
1166 1707 1300 1762 currum
1321 1699 1362 1762 ab
1386 1698 1568 1783 elephantie
1594 1712 1757 1780 tractum,
1789 1703 1823 1768 in

246 1803 362 1897 Quare
397 1812 432 1864 et
468 1803 503 1863 in
539 1800 632 1882 regia
668 1801 751 1864 urbe
777 1802 871 1866 Pella
909 1801 949 1864 ab
977 1801 1018 1864 iie
1041 1813 1221 1890 .quo¹erat
1251 1818 1386 1866 aureum
1409 1798 1589 1862 Alexandri
1614 1801 1742 1886 tignum
1766 1803 1822 1870 ed.

245 1901 453 1969 aedificatum
478 1902 635 1988 templum
661 1905 855 1979 Minervae,
884 1902 937 1965 cui
965 1923 1020 1967 cu·
1054 1901 1243 1964 tiateutibue
1257 1900 1566 1985 utrinqueVictoria
1582 1914 1616 1964 et
1629 1903 1762 1968 Pallade
1786 1905 1824 1989 ⁸).

247 2024 393 2092 gnomen
420 2001 556 2066 Alcidae
585 2005 664 2081 fuit,
698 2019 731 2067 et
760 2007 813 2068 cui
842 2027 860 2068 a
893 2005 1019 2066 Perseo
1054 2003 1234 2068 Enimvero
1270 2023 1343 2068 cum
1380 2001 1458 2064 iude
1495 2023 1514 2063 a
1542 2021 1647 2085 puero
1677 2004 1822 2068 omnium

247 2126 334 2190 rege
363 2118 436 2168 unte
466 2123 609 2190 pugnem
637 2125 710 2168 cum
726 2106 881 2170 Romania
903 2105 938 2174 C.
962 2105 1020 2169 hc·
1054 2105 1193 2188 primam
1231 2101 1368 2165 duceret
1405 2099 1536 2164 leudem
1564 2103 1655 2167 bello
1684 2121 1824 2190 partam,

247 2209 322 2276 etiie
354 2203 570 2270 sacrificatum
597 2220 708 2270 narrat
731 2206 844 2270 Livius
867 2209 906 2286 ⁰).
944 2209 1018 2290 lpte
1055 2204 1131 2268 huic
1161 2203 1242 2268 deae
1273 2203 1462 2287 cumprimie
1490 2205 1648 2270 litandum
1679 2205 1752 2271 luit.
1781 2207 1825 2270 At

246 2328 343 2382 vero,
361 2305 570 2382 Alexander,
606 2309 697 2370 utin
722 2306 793 2389 ejua
823 2323 1019 2372 commente-
1053 2326 1115 2370 cur
1139 2307 1254 2370 eadem
1276 2305 1423 2374 Victoria
1447 2305 1622 2372 tridentem
1649 2327 1747 2371 mauu
1769 2327 1826 2392 ge·
1927 2309 1962 2344 -“

245 2411 309 2474 riis
336 2422 410 2494 poet
432 2421 571 2472 mortem
591 2417 779 2492 repertum,
800 2406 874 2472 bina
888 2411 920 2473 ei
938 2423 1020 2472 tem·
1055 2419 1134 2482 atet,
1167 2427 1241 2471 oum
1266 2408 1308 2470 de
1329 2399 1569 2492 Victorie'e'jue
1596 2410 1686 2494 regie
1702 2409 1825 2473 mariti·

245 2512 305 2595 pla
338 2507 463 2592 magnit
491 2507 672 2592 sumptibus
703 2511 899 2574 exstruenda
920 2511 1019 2576 detti·
1054 2528 1107 2570 ma
1129 2507 1266 2592 alicuju·
1285 2509 1443 2572 momenti
1469 2529 1536 2574 unu
1558 2521 1705 2586 constet,
1727 2531 1826 2596 quee-

245 2623 394 2687 naterat,
417 2629 517 2672 unum
542 2608 627 2692 apud
647 2609 756 2686 llium,
777 2611 917 2676 alterum
934 2615 1020 2695 apud
1055 2610 1164 2676 eitum.
1188 2609 1336 2695 Opinon,
1358 2611 1441 2674 nibil
1464 2609 1553 2676 aliud
1573 2626 1736 2696 perpetuo
1760 2613 1848 2682 hcc,

248 2711 414 2794 Cyrrhum
434 2710 647 2774 Macedoniae
670 2715 710 2790 Ρ).
740 2710 847 2795 Atque
868 2715 1019 2796 cognitur
1055 2723 1133 2794 typo
1159 2711 1321 2789 indicari,
1362 2733 1459 2797 quam
1483 2713 1638 2779 victoriae
1669 2725 1827 2776 tractura·
1853 2757 1856 2764 .

247 2813 307 2877 hic
349 2799 536 2876 Alexandri
569 2811 603 2872 in
644 2812 826 2876 Minervam
871 2814 1019 2880 adfectue
1054 2812 1142 2876 rinae
1172 2812 1212 2876 ab
1241 2813 1427 2877 Alexandro
1459 2812 1537 2876 inde
1569 2837 1589 2878 a
1615 2816 1712 2904 regni
1736 2814 1827 2880 aditu

247 2934 348 2981 ceuu
384 2913 517 2978 ridetur
543 2910 671 2990 fuitne,
710 2934 770 2978 cut·
801 2917 955 2980 Cratero·
984 2919 1029 2980 in'
1053 2913 1197 3000 primum
1214 2914 1372 3000 intentat,
1395 2913 1703 3000 deindequaetitae.
1824 2985 1830 2997 Ι

248 3013 378 3099 praelio
399 3015 556 3078 adversus
570 3017 752 3078 Eumenem
773 3023 932 3081 temeram
954 3017 1022 3081 auia
1098 3015 1225 3079 Minuta
1249 3015 1420 3093 attribute,
1451 3029 1747 3098 monogrammata,
1770 3035 1827 3080 ru·

217 3185 220 3192 ,
250 3115 383 3180 dederit
424 3117 607 3180 Minervam
649 3129 684 3180 et
725 3117 946 3183 Alexandrum
979 3123 1020 3199 ⁴1),
1057 3115 1247 3181 cabulurnm
1272 3117 1382 3196 initia,
1403 3136 1486 3202 quac
1511 3117 1629 3179 borum
1651 3134 1825 3178 numerum

248 3216 386 3295 Fuere,
420 3219 476 3302 qui
505 3229 602 3300 ceput
630 3217 665 3278 in
696 3217 814 3282 luorum
845 3241 1020 3284 numerum
1056 3239 1164 3282 areum
1188 3215 1356 3294 inuident,
1385 3218 1552 3301 explicare
1577 3231 1673 3302 etque
1696 3217 1829 3282 evolve·
1945 3271 1949 3279 .

249 3317 358 3381 antica
390 3317 593 3402 propositum
623 3337 696 3382 esee
713 3311 819 3406 ipsine
841 3319 1020 3384 Alexandri
1056 3309 1112 3398 re,
1135 3319 1397 3403 conjecturarum
1419 3341 1502 3404 opue
1524 3332 1575 3384 eet
1596 3342 1614 3386 ι
1637 3335 1713 3382 meo
1736 3319 1828 3382 inuti·

249 3431 425 3504 putarunt,
445 3438 529 3502 queo
550 3421 711 3482 sententia
734 3417 860 3502 pridem
887 3421 1023 3505 explete
1057 3434 1128 3484 tuto
1145 3439 1281 3504 prcrtua
1300 3421 1456 3485 alienum.

252 3521 356 3585 bodie
374 3519 516 3594 ,nunniti
544 3519 631 3604 apud
658 3520 736 3582 illoc
762 3519 949 3606 periugium
972 3543 1025 3587 re·
1099 3524 1217 3592 Vtrum
1243 3541 1318 3586 oum
1342 3518 1460 3584 iisdem
1485 3521 1639 3606 utrinque
1665 3521 1751 3605 typia
1774 3538 1829 3586 ex·
1880 3589 1893 3606 ἱ

249 3623 355 3708 perit,
376 3621 495 3707 quibua
511 3621 768 3691 ,notitaimurum
789 3621 866 3685 ertia
887 3637 1019 3690 nostrae
1059 3637 1147 3689 eteut
1169 3625 1259 3690 numi
1288 3623 1455 3709 argentei,
1477 3625 1591 3706 quaeri
1613 3635 1732 3708 potent.
1763 3625 1830 3687 lle·

252 3725 484 3810 magistrorum
510 3720 756 3788 lucubrationes
781 3737 855 3788 runt
879 3725 1022 3810 ignotae.
1058 3725 1280 3791 territorum
1304 3745 1388 3789 unua
1415 3725 1534 3788 tertiae
1556 3722 1684 3788 formae
1714 3737 1764 3788 eat
1793 3723 1828 3789 iu

206 3873 212 3882 .
249 3825 366 3890 Potine
401 3823 579 3888 tenendum
617 3825 768 3902 ridetur,
796 3846 862 3890 nou
891 3841 1020 3892 exstare
1056 3845 1172 3890 museo
1194 3827 1366 3892 Ceeearco.
1388 3827 1514 3895 Verum
1537 3844 1610 3890 cum
1634 3825 1691 3891 bic
1716 3828 1827 3912 operia
1886 3856 1894 3872 ·

250 3938 379 3991 certum
410 3925 590 3990 Alexandri
626 3947 760 3990 numum
798 3927 869 4011 ejua
905 3927 1020 4014 effigie
1056 3928 1098 3989 eit
1130 3929 1278 3994 nonnihil
1311 3927 1469 4014 maligui,
1509 3940 1543 3990 et
1572 3928 1650 3991 satia
1669 3926 1828 3994 barbarae

249 4025 440 4110 iueignem,
475 4028 532 4112 qui
560 4026 649 4090 illiue
682 4022 788 4091 adhuc
815 4027 883 4093 tivi
913 4043 1019 4092 aetate
1056 4029 1252 4114 epigr-epher
1284 4027 1426 4106 literae,
1470 4029 1651 4093 verisimile
1683 4027 1826 4107 ridetur,

251 4128 398 4215 signatur
413 4131 466 4206 rit,
482 4129 524 4192 de
540 4147 605 4214 que
620 4142 737 4212 egetur
750 4128 1019 4213 insequentibue.
1054 4131 1157 4196 iniere
1179 4131 1258 4195 olim
1283 4150 1345 4216 per
1365 4128 1514 4193 fraudem
1535 4117 1616 4195 auro
1638 4129 1827 4210 obductum,

356 4481 397 4552 υ)
420 4480 551 4542 extu
572 4499 608 4558 p,
630 4447 668 4538 m'.
690 4487 754 4544 cac
840 4481 1191 4556 merulento.
1278 4484 1308 4555 ο)
1322 4467 1355 4540 ι’.
1369 4437 1463 4574 ιαἰι.Ι
1477 4500 1502 4538 0.
1517 4490 1563 4544 51.
1649 4485 1683 4556 r)
1703 4477 1829 4544 niodo.
1914 4505 1921 4514 -

247 4569 504 4740 &minzio
540 4659 561 4708 Ι.
592 4571 717 4644 mittut.
738 4570 768 4628 in
786 4571 916 4634 Eumene
935 4593 1004 4654 cap,
1023 4577 1065 4702 c..
1138 4573 1166 4643 r)
1182 4571 1370 4638 L.1v.c.1e.
1459 4576 1485 4640 1)
1498 4571 1692 4636 ututur.
1757 4573 1781 4646 ²)
1795 4571 1828 4631 L.

285 4761 377 4836 (rot
398 4759 466 4832 ιι.)
536 4789 554 4861 7
1591 4759 1622 4821 rt
1703 4846 1709 4859 ,
