4250 5482
328 455 412 589 ,g
888 471 1337 566 renova

326 672 383 758 qui
404 689 466 752 pro
490 664 652 730 Antiocho
676 666 721 728 H.
744 663 858 741 Syriae
895 684 977 747 rege
1017 685 1089 749 pro·
1129 662 1228 726 Ponti
1271 662 1370 724 urbes
1407 679 1510 745 neque
1541 665 1726 747 pertineat?
1767 663 1896 729 Deinde
1929 727 1932 738 ,

329 773 585 838 vineiasamnes
615 780 704 826 trans
733 764 860 846 'l'igrim
891 764 968 828 sitas
996 767 1093 839 rexit,
1131 781 1198 848 que
1227 776 1323 847 poeto
1365 763 1561 826 Amastrisni
1594 781 1747 849 poterant
1783 769 1895 830 Persis

328 889 360 937 et
375 885 512 955 propter
527 867 753 930 crudelitatem
772 867 831 926 fuit
850 886 968 927 exosos
992 866 1094 928 omni·
1131 865 1198 926 suia
1220 877 1389 948 receptum
1412 884 1550 948 regnum
1565 869 1742 950 gratulari,
1766 867 1893 951 quando

325 973 405 1047 bue,
437 991 474 1033 ae
505 968 656 1052 privatim
698 966 857 1036 Tiridati.
899 967 986 1052 qued
1023 972 1093 1050 ejus
1130 983 1192 1047 per
1212 965 1534 1030 Phereciiseaedent
1557 989 1623 1032 non
1645 965 1786 1044 hi,'sed
1818 971 1895 1030 Per·

324 1071 514 1157 pudicitiam
551 1081 744 1130 tentaverat.
795 1071 892 1152 -Ergo
917 1068 1092 1132 Amastris·
1129 1065 1177 1124 ihi
1208 1063 1318 1149 adepti
1349 1081 1423 1128 sunt
1455 1067 1646 1148 imperium,
1668 1055 1790 1134 Persae
1812 1089 1892 1135 vero

323 1194 384 1236 nos
407 1172 537 1255 origine
560 1169 678 1229 Persas
702 1167 824 1228 veteris
853 1169 976 1248 patriae
994 1167 1092 1233 amo·
1129 1183 1169 1226 eo
1203 1165 1291 1230 facto
1321 1187 1387 1228 non
1418 1167 1570 1230 libertate
1602 1173 1792 1245 servitium,
1833 1171 1893 1234 sed

322 1296 361 1337 re
389 1275 500 1334 Persis
530 1272 594 1331 hoo
622 1291 723 1330 numo
746 1269 918 1330 Phereciia
954 1269 1090 1332 caedem
1128 1264 1277 1328 dominos
1322 1281 1444 1330 tantum
1490 1271 1683 1334 mutavere?
1741 1273 1892 1356 Denique

325 1374 522 1459 gratulatos,
563 1370 667 1453 quod'
688 1392 726 1432 es
765 1375 954 1452 Perpetrata
997 1383 1089 1432 vetus
1127 1369 1313 1432 meminisse
1336 1382 1527 1454 oportuerat
1547 1372 1783 1451 Pelles-initum,
1805 1371 1894 1457 quod

322 1475 482 1557 majorum
506 1491 638 1532 suorum
667 1489 807 1554 regnum
837 1489 1090 1552 recuperavere.
1126 1468 1197 1557 ipae
1221 1469 1365 1532 omnium
1389 1465 1514 1554 optime
1536 1486 1692 1548 noverat,
1722 1475 1755 1532 in
1776 1494 1892 1536 numos

288 1609 293 1615 ·
322 1577 405 1638 Satis
435 1555 587 1655 apparet,
625 1569 795 1652 scripsisse
832 1569 913 1632 haee
952 1573 1089 1633 Peiicri·
1126 1566 1272 1632 Graecas
1300 1571 1422 1634 veteris
1454 1571 1525 1653 ejus
1555 1575 1636 1650 aeri,
1674 1595 1739 1658 quo
1769 1574 1893 1636 similes
1938 1582 1944 1590 '

276 1689 286 1704 ·
321 1674 431 1746 nium,
455 1669 584 1755 quando
610 1690 787 1756 oppressus
810 1685 981 1736 senectute
1014 1695 1087 1736 cum
1125 1672 1214 1752 notui
1237 1673 1391 1736 malleum
1420 1675 1550 1756 experti
1573 1675 1749 1748 aunt,·ri1
1777 1688 1891 1738 vocata

322 1776 498 1838 oculorum
528 1772 813 1834 acie‘memoriae
853 1772 949 1836 etiam
987 1774 1089 1856 jactu·
1123 1771 1225 1834 fuisse
1247 1787 1437 1857 arguments
1460 1773 1634 1850 historica,
1664 1788 1719 1836 aut
1747 1775 1776 1835 si
1804 1775 1891 1836 forte

321 1897 392 1940 ram
422 1873 531 1957 coepit
569 1875 725 1956 experiri.
775 1870 867 1936 Adeo
905 1873 1089 1938 inconsulta
1126 1871 1264 1934 admissa
1287 1887 1377 1950 sunt,
1400 1875 1556 1955 symbolis
1579 1875 1816 1957 potiusfuissc
1844 1877 1892 1938 iu·

324 1977 534 2040 o'rnnishaec
558 1973 755 2048 estuantia,
779 1987 812 2034 et
844 1973 955 2036 invitis
985 1977 1088 2038 Musis
1125 1974 1255 2050 voluta,
1277 1995 1386 2062 neque
1416 1990 1479 2040 tam
1511 1975 1681 2039 manifeste
1712 1977 1888 2060 proposita.

320 2079 465 2162 prolata,
489 2088 523 2138 et
553 2073 792 2158 praetereunda
821 2074 930 2156 potius
962 2075 1088 2142 videre·
1124 2073 1282 2138 Abstineo
1305 2077 1455 2158 pluribus
1476 2080 1678 2160 argumentis
1702 2079 1784 2153 aiiis,
1807 2097 1889 2162 quse

324 2191 396 2254 tur,
422 2197 516 2260 quam
540 2174 727 2248 refutanda,
758 2173 822 2232 nisi
852 2191 958 2238 metus
989 2192 1086 2254 esset,
1125 2175 1180 2259 qui
1204 2178 1309 2254 velet,
1338 2179 1432 2240 adeat
1455 2179 1495 2241 cl.
1526 2181 1771 2257 Neumannunt,
1804 2180 1889 2242 maie

320 2297 362 2346 ne
386 2279 439 2338 eui
462 2279 568 2338 minus
591 2287 715 2337 attento
747 2275 894 2355 imponat
922 2294 1087 2361 praestan·
1124 2293 1292 2340 consutam
1307 2277 1391 2348 hanc
1405 2279 1578 2340 Pailerinii
1595 2279 1776 2346 doctrinam
1797 2298 1892 2365 prae·

319 2377 361 2438 tis
399 2377 470 2458 ejus
501 2379 561 2439 riri
606 2376 790 2440 auctoritas.
835 2378 900 2438 lam
944 2381 1085 2462 primum
1124 2377 1213 2442 clarc
1237 2399 1273 2442 ae
1297 2381 1401 2442 solide
1425 2381 1730 2465 impugnantem).

321 2475 408 2538 istud
431 2477 565 2560 ignoro,
589 2499 648 2540 cur
670 2477 697 2538 is
719 2476 752 2536 in
781 2499 880 2539 numa
904 2465 1083 2542 Tiridatem
1489 2533 1508 2571 ῃ

319 2579 428 2662 potius
460 2577 587 2664 rideat,
619 2597 712 2660 quarn
745 2579 901 2642 Arsacem
938 2579 1083 2655 fratrem,
1429 2582 1447 2620 ¹*
1551 2583 1569 2619 e
1642 2609 1647 2614 -
1793 2647 1798 2654 ι

320 2676 449 2762 quanda
488 2679 640 2753 historia,
676 2699 759 2762 quae
796 2680 979 2744 Phereeiie
1009 2679 1086 2744 ¹cae·
1166 2689 1266 2767 Caput
1279 2693 1427 2767 juvenile
1458 2693 1633 2771 galeatum.
1676 2691 1886 2764 iterarem.

317 2777 395 2840 dem
418 2777 541 2854 refert,
563 2779 596 2839 in
629 2800 752 2864 genere
784 2793 963 2854 memoret,
991 2783 1086 2846 Arsa·
1122 2789 1186 2852 ΑΕ.
1209 2789 1251 2853 11.
1296 2793 1333 2852 in
1356 2790 1462 2850 numia
1485 2792 1645 2866 Amasioe,
1668 2795 1781 2872 Amisi,
1806 2797 1888 2860 cha·

321 2899 394 2944 eem
423 2901 496 2944 cum
534 2879 636 2942 fratre
676 2881 802 2943 minore
841 2893 872 2942 ot
910 2881 1086 2962 conjuratis
1122 2887 1313 2966 bsctorum,
1336 2891 1514 2970 Gsziurae,
1545 2893 1748 2972 Laodiceae,
1780 2897 1889 2960 Pimo-

318 3001 392 3043 eam
416 2977 551 3042 caedem
574 2982 766 3066 peregisse?
796 2981 863 3042 Sed
887 2981 957 3044 esto
980 2986 1086 3068 lepus
1123 2989 1286 3065 iisorum,
1307 2995 1504 3068 Areuanias,
1528 2997 1679 3078 Sinopes.

205 3161 209 3170 ,
316 3081 417 3142 istud.
468 3079 565 3174 Quod
598 3082 658 3160 ait,
690 3083 911 3146 Amastrisnas
958 3085 1086 3167 origiue
1165 3091 1262 3152 Dixi:
1295 3107 1391 3176 eaput
1412 3095 1559 3178 juvenile
1589 3099 1770 3180 gaieatum,
1799 3098 1887 3182 quod

318 3179 436 3240 Persas
458 3179 595 3244 laetatos
619 3205 677 3258 ea,
701 3185 792 3267 qnod
812 3183 983 3247 Pitercciis
1014 3207 1087 3250 cae·
1115 3189 1177 3258 alii
1200 3189 1332 3256 definita
1354 3197 1498 3260 Palladis
1520 3197 1640 3260 dieunt.
1685 3201 1729 3280 dt
1750 3200 1782 3259 in
1807 3199 1887 3261 mul'·

319 3279 360 3341 ‘3⁰
393 3281 550 3364 manrnm
579 3283 612 3340 hi
650 3303 789 3366 regnum
819 3304 997 3367 recepere,
1027 3309 1085 3349 nu·
1121 3292 1180 3367 tis,
1204 3313 1285 3378 quos
1309 3296 1390 3370 ridi,
1417 3317 1481 3360 non
1505 3299 1654 3381 ambigua
1683 3313 1757 3362 aunt
1786 3300 1885 3362 linea-

317 3401 389 3442 mos
412 3381 507 3468 h'ujus
530 3381 607 3446 iacti
631 3397 730 3446 testea
752 3383 923 3448 seriundas
940 3406 1083 3464 curasse,
1120 3407 1230 3454 menta
1252 3395 1323 3471 viri,
1347 3416 1429 3479 quae
1446 3401 1584 3461 Martem
1600 3403 1708 3484 potius
1728 3401 1885 3472 facerem.

317 3485 368 3547 bis
398 3485 589 3569 gravissime
620 3481 767 3548 offendit.
823 3491 902 3549 Narn
942 3490 1082 3572 primunt
1119 3493 1274 3570 Accedit,
1304 3497 1337 3556 in
1364 3511 1464 3562 numo
1493 3501 1747 3577 Pimolisorum,
1789 3519 1887 3586 quent

300 3605 382 3676 ,μου
405 3583 537 3649 ressexit
553 3588 694 3649 animum
724 3586 775 3648 vir
809 3589 975 3662 eruditus,
1006 3612 1083 3652 eun·
1120 3592 1223 3656 edidit
1244 3597 1461 3675 Pelleriniua,
1485 3579 1646 3683 galeatam
1676 3601 1758 3663 illud
1788 3617 1886 3684 caput

318 3685 391 3749 dem
422 3701 533 3770 typum
562 3709 629 3750 nan
659 3689 692 3750 iu
730 3689 950 3752 unis'haberi
989 3693 1084 3754 Ama·
1119 3699 1522 3766 reveraessebsrbstum.
1566 3707 1886 3768 AteonatataGrae·

317 3789 415 3853 strias
442 3789 564 3865 nornis,
594 3787 653 3852 sed
675 3802 710 3851 et
727 3790 847 3866 Amisi,
879 3791 1083 3870 Cabiroram,
1119 3793 1166 3854 eis
1184 3799 1401 3884 Martemjam
1421 3801 1607 3883 barbatam,
1630 3806 1886 3888 jamimberbetu

319 3893 555 3980 Camenarum,
588 3891 735 3974 Sinopes.
788 3893 837 3953 dn
868 3909 947 3952 vero
972 3907 1005 3954 et
1029 3893 1083 3956 ha·
1119 3893 1241 3962 fictum.

288 4081 291 4088 Δ
317 4014 391 4055 rum
414 3985 503 4056 cirea
526 3992 652 4075 origine
675 3994 820 4056 Persae?
862 3995 912 4053 An
943 4012 1008 4054 non
1040 4013 1081 4058 ex
1492 4062 1510 4097 ι

317 4085 377 4153 ha‘c
407 4094 476 4176 typi
508 4093 683 4157 concordis
711 4097 817 4179 palam
847 4093 900 4170 iit,
932 4115 972 4158 eo
1005 4115 1081 4160 can·
1109 4171 1119 4190 Β
1429 4105 1468 4188 e*
1552 4105 1570 4144 *

317 4192 415 4253 tincri
459 4211 705 4277 argumentum,
748 4195 834 4280 quod
880 4193 918 4258 ad
967 4183 1080 4260 omnes
1161 4213 1262 4290 Aegis
1285 4217 1430 4276 Palladis
1453 4220 1571 4279 inserta
1597 4223 1748 4282 Medusae
1768 4223 1884 4298 ammte.

201 4364 210 4388 ,
317 4351 1865 4399 ·---·----------..............,.....,,.-

430 4455 463 4526 n)
481 4455 566 4514 Num.
582 4478 653 4536 pop.
667 4459 744 4519 Part.
759 4458 794 4516 II·
810 4479 841 4535 p.
859 4469 883 4522 1.
1297 4465 1299 4470 ’
