4232 5488
589 516 1340 674 ·,a0a0rta.²
1456 507 1461 516 ⁵
1560 501 1579 634 s
1753 579 1824 644 ιιι

248 737 390 804 rodotos
411 733 449 818 i).
491 734 580 798 idem
605 731 702 799 variis
725 755 856 819 qaoque
879 735 921 798 de
946 750 1021 796 cao·
1057 729 1210 796 bonarum
1235 751 1310 796 sese
1333 731 1470 816 partium
1494 729 1741 816 profiterentur,
1765 737 1832 800 cla·

248 841 294 902 ais
320 838 441 904 iactum
461 837 607 921 publice.
635 835 775 896 Fulmen
797 837 1019 898 Romanorum
1056 854 1112 897 vat
1141 833 1320 916 arripuere.
1373 835 1428 896 Sin
1458 836 1562 910 istud,
1602 839 1829 924 tantcwmagis

250 943 377 1025 clypcis
404 944 562 1022 insertans
594 959 649 1000 rea
674 933 821 1018 cogniti,
852 937 1020 1020 Sicyonios
1055 937 1174 998 mitons
1205 933 1310 1010 foret,
1352 937 1552 1018 singularem
1584 929 1671 1000 huuc
1702 959 1828 1004 merens

253 1035 623 1126 ses-oinscripsisaez,
644 1037 861 1116 LaconeaA,
881 1040 1020 1124 Argivos
1055 1058 1074 1099 a
1108 1035 1274 1100 veteribus
1305 1039 1536 1120 praeteritum,
1575 1038 1662 1124 quod
1692 1042 1720 1102 ia
1754 1065 1830 1125 pro.

252 1145 280 1204 Α
306 1143 405 1208 tradit
424 1139 671 1228 Xenophonk).
700 1144 795 1225 Ergo
809 1161 850 1203 ex
870 1159 1022 1226 praesen·
1060 1137 1152 1200 batus
1177 1138 1283 1202 adhoc
1304 1137 1365 1202 init
1385 1125 1651 1224 Epaminondae,
1680 1143 1736 1226 qni
1763 1167 1831 1210 m·
1941 1133 1948 1146 '

227 1231 285 1308 ‘te
318 1265 417 1308 numo
448 1246 645 1322 verisimile,
676 1243 870 1316 Thebanos,
895 1257 927 1304 ut
949 1259 1023 1302 sese
1054 1241 1166 1302 nimus
1195 1241 1247 1303 rei
1273 1243 1421 1306 militaris
1453 1244 1609 1324 magister
1638 1259 1743 1308 aetate
1773 1257 1830 1310 ina

251 1371 270 1408 a
288 1346 435 1430 reliquia
456 1343 1024 1422 Boeotiadiscernerent,Herculis
1059 1355 1110 1403 est
1135 1341 1272 1436 habitus.
1304 1347 1480 1407 Praeterea
1500 1365 1574 1410 eum
1593 1344 1741 1409 Thebani
1765 1347 1830 1412 hoe

249 1445 339 1532 apud
353 1468 390 1509 aa
403 1447 471 1508 neti
487 1448 748 1532 ciavamclypoia
761 1447 827 1509 suis
845 1461 898 1510 aut
911 1443 1025 1506 inscri-
1060 1441 1241 1524 imperanto
1263 1463 1378 1508 omnes
1404 1447 1550 1508 Graecos
1578 1465 1743 1510 armorum
1762 1449 1833 1530 glo·

252 1551 369 1633 paissa,
388 1563 441 1609 aot
449 1548 672 1634 incomptiore,
689 1549 777 1611 unde
787 1545 1031 1630 recrpoaselu·-
1060 1543 1109 1606 ria
1127 1533 1498 1624 reperiremomnia
1513 1547 1632 1623 etiam,
1658 1569 1723 1611 non
1752 1549 1833 1615 alica

251 1671 326 1715 earn
353 1647 486 1714 adfundi
508 1651 648 1713 orationi
672 1645 1025 1730 Xenophontisadmo·
1061 1665 1192 1729 quoque
1228 1646 1375 1711 Graecos
1416 1649 1457 1710 ad
1495 1650 1602 1712 clavas
1642 1669 1831 1727 conversos,

254 1753 333 1814 duna
352 1748 539 1833 ambiguae,
563 1751 782 1834 ethncosqnc
799 1745 1025 1832 perperamab
1062 1767 1169 1830 neque
1201 1751 1297 1812 etiam
1320 1749 1507 1833 Philippum
1532 1751 1575 1814 tt.
1604 1742 1845 1826 Macedonem(

250 1853 488 1936 interpretibus
532 1851 723 1934 explicatae.
775 1853 893 1912 Narrat
932 1851 960 1912 is
992 1843 1025 1925 ¹),
1063 1851 1117 1930 qui
1152 1869 1224 1912 sese
1254 1850 1286 1912 in
1312 1872 1348 1912 re
1372 1846 1504 1912 ¹militari
1531 1853 1774 1936 Epaminondae
1797 1854 1830 1914 in

252 1969 379 2037 portans
402 1952 565 2016 Arcadum
592 1973 666 2016 cum
693 1953 916 2036 Epaminonda
940 1953 1026 2014 The·
1062 1947 1265 2034 disciplinam
1289 1953 1395 2026 dedit,
1419 1950 1519 2014 clavis
1540 1953 1661 2016 milites
1686 1974 1762 2018 anos
1786 1956 1834 2016 in·

251 2057 340 2118 banc
375 2053 547 2118 adversum
575 2051 855 2116 Lacedaemonios
880 2055 1025 2138 junxisse
1062 2051 1231 2117 struxisse.
1256 2054 1366 2147 Quare
1384 2051 1463 2114 mihi
1486 2053 1615 2136 pridem
1631 2057 1830 2139 Xenophon-

252 2178 362 2230 arma,
386 2171 482 2238 atquo
507 2171 541 2220 nt
564 2153 648 2216 istud
666 2175 706 2214 ex
725 2153 832 2218 animo
846 2155 957 2219 iacere
981 2157 1026 2218 vi·
1062 2153 1102 2213 titt
1124 2153 1224 2216 verba
1252 2156 1298 2216 sic
1319 2153 1588 2236 capiendaflisa,
1612 2157 1759 2222 Arcades
1784 2159 1832 2220 iu·
1891 2201 1897 2211 «
2023 2226 2027 2235 ,

255 2260 435 2325 derantur,
464 2257 572 2322 addit:
596 2257 806 2340 ,ἑπιιγριιφοιτο
833 2251 869 2319 δε
892 2283 941 2317 ιω
968 2279 1025 2317 res
1062 2255 1185 2336 scripto
1216 2257 1342 2338 clypeis
1373 2257 1440 2326 tois
1471 2257 1583 2318 clavae
1611 2255 1730 2341 insigni
1756 2281 1829 2322 anae
1901 2275 1907 2292 ‘

256 2353 402 2438 Apsoda»
431 2355 555 2418 inieras
584 2355 705 2436 larcia
723 2359 871 2442 ἔχοντες,
902 2354 941 2432 ὥς
964 2355 1027 2430 Θη-
1064 2355 1239 2420 Thebanos
1262 2357 1450 2442 professos,
1482 2360 1651 2437 quoniam,
1675 2376 1710 2423 ut
1736 2371 1832 2444 supra

254 2469 334 2535 βαιοι
355 2456 457 2532 ὄντες,
486 2479 581 2542 qnam
613 2457 793 2522 orationem
826 2461 873 2522 aie
910 2460 1026 2520 Latine
1062 2457 1150 2530 dixi,
1179 2473 1288 2540 partes
1314 2461 1481 2542 inscriptis
1500 2460 1608 2527 cariae
1634 2473 1768 2526 naturae
1794 2464 1834 2526 st-

253 2563 365 2628 reddit
402 2560 638 2624 Lounciariuat
677 2580 718 2622 ac
748 2565 897 2624 nonnulli
929 2564 1027 2622 etiem
1063 2557 1135 2638 gnis
1160 2579 1233 2622 aeae
1257 2575 1331 2621 sunt
1357 2562 1546 2624 discernere
1572 2563 1706 2637 solitae,
1736 2583 1833 2646 qoam

255 2669 399 2728 Arcados
440 2664 552 2742 pravis
594 2675 778 2726 amaturae
813 2667 936 2741 pedites
971 2683 1025 2724 rso-
1062 2680 1148 2722 nunc
1180 2661 1401 2744 conjecturam
1428 2663 1614 2742 praeclarus
1642 2665 1717 2728 huic
1749 2665 1834 2728 'Phe-

255 2772 345 2830 esr'sta
367 2768 492 2828 dabant
506 2775 669 2844 parlantes
690 2769 818 2835 clavas,
836 2767 970 2842 perinde
988 2784 1028 2824 ac
1064 2763 1225 2826 banorum
1251 2782 1366 2824 numos
1397 2763 1515 2827 eximie
1548 2765 1729 2830 confirmat.
1765 2767 1836 2828 tti-

256 2873 287 2930 si
307 2871 450 2932 Thebani
472 2875 592 2940 morsi,
614 2865 697 2948 quae
721 2865 851 2950 quidem
868 2866 1029 2946 interpr-c·
1063 2863 1112 2926 hil
1145 2863 1233 2926 aliud
1263 2865 1367 2944 magis
1393 2863 1433 2926 ad
1460 2863 1641 2928 faciendam
1669 2865 1835 2948 conjectu·

256 2970 335 3034 tatio
365 2949 494 3052 piidem
525 2965 606 3034 mihi
628 2989 644 3028 a
670 2987 750 3031 rere
775 2967 915 3042 maxime
936 2967 1027 3028 abor·
1063 2963 1236 3028 raefidem
1262 2966 1365 3039 vaiet,
1398 2988 1492 3050 quam
1522 2967 1549 3030 si
1574 2968 1658 3034 aiter
1681 2967 1724 3030 ad
1746 2965 1833 3034 idam
1912 3019 1915 3028 .

255 3087 331 3135 rare
366 3067 443 3132 tiss.
487 3068 591 3142 Nori,
622 3071 712 3132 enini
741 3079 885 3132 aetates
917 3069 1028 3134 barba·
1064 3067 1288 3140 sentiendum,
1326 3065 1384 3128 aad
1414 3087 1455 3132 ox
1480 3069 1612 3132 diverso
1643 3068 1834 3152 impellitur.

255 3171 301 3234 ris
332 3169 423 3232 olata
453 3182 650 3251 pugnatum,
692 3185 724 3231 et
751 3170 927 3251 antiquitus
959 3171 1026 3252 qni·
1065 3166 1163 3260 Quod
1186 3187 1249 3250 ego
1272 3187 1312 3229 ex
1337 3173 1499 3240 essartis
1519 3172 1667 3242 tectione,
1690 3184 1835 3251 etprae-

255 3273 332 3334 dem
356 3270 396 3332 ab
420 3270 567 3334 Hercula
592 3284 626 3332 et
653 3271 804 3348 Theseo,
826 3271 934 3354 reipsa
952 3273 1029 3336 nar·
1065 3270 1166 3332 sentia
1189 3269 1279 3332 numi
1309 3273 1512 3360 praeieripto
1545 3273 1771 3354 conjeceram,
1800 3272 1836 3335 id

255 3373 362 3448 bafia,
399 3373 457 3435 sed
500 3391 582 3455 qnos
624 3371 750 3436 Graeca
779 3375 940 3457 elegantia
973 3375 1029 3439 he·
1064 3372 1175 3453 ipanm'
1201 3371 1345 3434 Samueli
1373 3375 1469 3436 Mero
1490 3375 1672 3459 lipsiensi,
1696 3375 1833 3458 qui'nu·

256 3493 334 3536 roes
363 3474 509 3554 deosque
540 3470 671 3548 effecit,
701 3488 736 3536 at
765 3495 869 3558 aeque
890 3475 1026 3538 hodiaa
1063 3495 1125 3559 per
1158 3473 1386 3556 Xenophontis
1422 3476 1591 3540 historiam
1631 3477 1832 3557 vulgaverat,

255 3575 402 3640 barbaria
428 3576 572 3637 omnium
597 3577 775 3640 nationum.
814 3579 857 3638 At
879 3579 933 3639 rix
958 3599 1029 3641 ere·
1064 3599 1104 3640 ex
1129 3565 1358 3658 grammaticae
1376 3576 1504 3658 legibus
1528 3576 1707 3642 verisimile
1718 3577 1832 3638 visum.

256 3677 332 3741 (lans
362 3677 495 3760 probari
523 3697 639 3759 posse,
667 3679 913 3762 Epaminondae
943 3693 1027 3742 acta·
1063 3682 1143 3742 Cum
1161 3679 1247 3742 enim
1267 3677 1338 3738 viro
1356 3679 1486 3742 erudito
1503 3699 1567 3741 non
1583 3677 1770 3752 adrideret,
1796 3690 1831 3742 ut

255 3795 309 3854 to,
337 3799 400 3864 qua
422 3779 540 3863 gladii,
573 3781 700 3856 hastae,
723 3783 860 3864 sagittae
884 3782 1026 3859 valuere,
1056 3778 1222 3865 ἐπειγραφω
1247 3777 1375 3842 dicatur
1405 3785 1652 3856 nominatiora,
1681 3801 1743 3864 pro
1761 3793 1832 3862 'qno

254 3900 327 3942 rens
349 3881 454 3946 cistis
477 3882 510 3944 in
534 3881 661 3966 praelio
680 3897 794 3944 aotam.
826 3885 870 3946 Et
894 3882 1024 3966 quidem
1063 3880 1238 3944 dicendum
1260 3881 1392 3944 omnino
1416 3882 1531 3952 inisset
1553 3877 1739 3966 ἀπαγριιφω,
1758 3902 1833 3948 san·

253 3984 285 4046 si
314 4002 394 4047 rere
421 3995 473 4046 est
506 3981 697 4046 Leunelavii
727 3983 956 4067 interpretatio
978 4005 1027 4050 se·
1064 4005 1137 4048 sum
1173 3981 1330 4046 orationis
1370 3983 1648 4066 Xenophonteae,
1686 3985 1833 4066 quamtis

256 4099 398 4168 quatur,
416 4084 586 4148 clavarum
609 4104 702 4148 nsum
726 4085 830 4148 foisse
852 4086 925 4148 unis
941 4088 1029 4152 Tha·
1065 4085 1197 4163 timide,
1219 4085 1306 4148 hunc
1330 4103 1404 4147 csse
1430 4083 1590 4168 conjecit:
1619 4090 1835 4154 inscribebant
1932 4100 1937 4115 ·

254 4187 350 4255 banis
379 4186 568 4270 proprium,
597 4187 673 4272 quia
698 4185 860 4262 Arcades,
884 4203 918 4251 ιιι
942 4189 1029 4252 Tite·
1060 4195 1190 4272 cIypecs
1222 4179 1297 4250 soos'
1324 4191 1390 4264 ita,
1423 4197 1460 4252 ot
1487 4189 1518 4249 si
1555 4189 1695 4252 Thalassi
1717 4199 1832 4263 esest,

375 4615 402 4689 i>
422 4615 493 4678 bil.
512 4621 535 4690 t.
560 4629 621 4685 tra·
707 4620 745 4708 a)
760 4620 837 4682 aas.
857 4621 953 4680 crate
982 4617 1018 4681 L.
1038 4619 1092 4682 ιι.
1184 4619 1303 4696 oeta.
1323 4618 1420 4692 aaa
1448 4623 1482 4680 ι.
1501 4614 1565 4677 vit.
1586 4615 1652 4695 aaa.
1672 4604 1725 4675 fia.

1523 4717 1549 4778 C
1571 4733 1590 4776 c
1613 4731 1632 4775 s
